1823 3000
147 237 202 276 12
679 235 750 279 VI
810 235 992 281 7-V11
1052 236 1078 280 7

145 333 310 379 abesse
343 349 420 380 me
453 334 620 380 eadem
650 334 767 381 haec
798 350 920 396 quae
949 333 1166 380 nondum
1189 333 1321 379 exire
1344 332 1612 395 patiuntur.

145 412 267 459 uale.

828 531 941 578 VII

413 624 459 664 C.
488 624 708 664 PLIMVS
742 624 969 665 CANINIO
1003 625 1148 665 RVFO
1180 625 1282 665 SVO
1311 624 1354 664 S.

109 735 125 755 1
247 704 397 752 Modo
420 707 675 752 nuntiatus
706 711 779 752 est
804 707 950 753 Silius
975 708 1178 754 Italicus
1208 709 1261 753 in
1296 707 1619 768 Neapolitano
1675 712 1702 757 5

108 807 127 828 2
149 799 236 830 suo
259 785 420 831 inedia
444 787 605 832 finisse
629 788 794 834 uitam.
846 804 988 833 causa
1016 789 1186 833 mortis
1209 789 1450 835 ualetudo.
1511 794 1618 834 erat

148 865 223 911 illi
245 871 390 912 natus
407 866 690 912 insanabilis
714 868 894 925 clauus,
912 869 1047 914 cuius
1062 869 1220 913 taedio
1240 868 1300 913 ad
1319 873 1526 914 mortem
1546 869 1619 914 in-

149 945 410 991 reuocabili
442 947 715 993 constantia
746 948 1032 1005 decucurrit,
1071 964 1223 1009 usque
1258 949 1319 993 ad
1343 965 1621 1009 supremum

151 1024 280 1070 diem
318 1025 491 1071 beatus
527 1031 576 1071 et
615 1026 749 1085 felix,
788 1027 884 1072 nisi
920 1028 1049 1088 quod
1088 1028 1322 1073 minorem
1357 1043 1419 1073 ex
1456 1027 1621 1074 liberis

151 1104 338 1150 duobus
369 1105 544 1163 amisit,
584 1107 668 1151 sed
707 1106 937 1151 maiorem
982 1106 1325 1166 melioremque
1370 1106 1620 1151 florentem
1647 1107 1706 1152 10

111 1202 128 1231 3
150 1188 296 1244 atque
320 1184 465 1228 etiam
489 1185 786 1229 consularem
810 1185 1017 1245 reliquit.
1067 1184 1270 1230 laeserat
1293 1185 1472 1230 famam
1487 1201 1622 1231 suam

151 1263 242 1308 sub
276 1262 484 1320 Nerone,
522 1263 805 1308 credebatur
840 1269 1009 1324 sponte
1044 1280 1287 1309 accusasse
1296 1281 1309 1322 3
1344 1264 1427 1310 sed
1456 1264 1510 1309 in
1531 1263 1621 1309 Vi-

152 1341 257 1387 telli
280 1341 494 1387 amicitia
518 1344 758 1402 sapienter
789 1358 838 1388 sc
874 1348 923 1388 et
957 1343 1157 1388 comiter
1184 1348 1408 1403 gesserat,
1435 1358 1497 1389 ex
1519 1359 1624 1404 pro-

154 1421 408 1466 consulatu
425 1421 573 1467 Asiae
597 1422 798 1482 glori-ain
821 1427 1163 1482 reportauerat,
1191 1423 1426 1468 maculam
1445 1424 1623 1469 ueteris

113 1522 132 1549 4
153 1501 421 1546 industriae
445 1501 677 1547 laudabili
701 1503 799 1548 otio
823 1503 1052 1549 abluerat.
1114 1503 1211 1548 fuit
1233 1503 1363 1549 inter
1385 1504 1623 1565 principes
1649 1508 1707 1553 15

154 1581 368 1627 ciuitatis
391 1581 494 1626 sine
524 1582 756 1642 potentia,
784 1582 886 1628 sine
913 1583 1129 1628 inuidia:
1164 1583 1479 1641 salut-abatur,
1506 1583 1623 1629 cole-

152 1661 298 1707 batur
331 1662 638 1723 multumque
673 1663 726 1708 in
760 1663 937 1709 lectulo
978 1663 1138 1709 iacens
1177 1664 1398 1709 cubiculo
1437 1679 1624 1724 semper

153 1759 252 1788 non
277 1758 338 1788 ex
371 1743 571 1789 fortuna
594 1744 837 1804 frequenti
868 1745 1155 1791 doctissimis
1186 1745 1486 1791 sermonibus
1522 1745 1623 1790 dies

115 1842 133 1870 5
155 1821 463 1882 transigebat,
491 1839 598 1867 cum
629 1839 658 1868 a
694 1824 945 1869 scribendo
979 1829 1188 1869 uacaret.
1257 1823 1495 1869 scribebat
1529 1840 1624 1870 car-

155 1903 287 1947 mina
309 1902 489 1947 maiore
513 1918 627 1948 cura
650 1918 794 1964 quam
811 1903 1016 1964 ingenio,
1038 1919 1137 1948 non
1158 1919 1424 1963 numquam
1445 1902 1625 1948 iudicia
1649 1903 1709 1948 20

115 1998 134 2028 6
154 1982 407 2028 hominum
440 1982 807 2028 recitationibus
841 1984 1190 2044 experiebatur.
1261 1984 1520 2030 nouissime
1554 1985 1626 2029 ita

155 2062 471 2107 suadentibus
494 2062 635 2107 annis
659 2062 720 2108 ab
744 2063 863 2108 urbe
888 2064 1082 2109 secessit
1105 2079 1249 2124 seque
1277 2064 1329 2108 in
1362 2063 1626 2124 Campania

155 2140 330 2197 tenuit,
356 2155 410 2185 ac
432 2155 493 2185 ne
518 2140 733 2185 aduentu
757 2140 953 2201 quidem
975 2142 1092 2187 noui
1113 2142 1345 2203 principis
1367 2142 1481 2189 inde
1504 2160 1626 2190 com-

116 2238 134 2266 7
157 2223 319 2264 motus
343 2222 427 2264 est.
482 2234 656 2279 magna
682 2218 899 2265 Caesaris
923 2220 1042 2277 laus,
1069 2221 1157 2266 sub
1182 2236 1277 2281 quo
1302 2221 1390 2266 hoc
1417 2221 1625 2267 liberum

157 2297 267 2356 fuit,
316 2313 491 2358 magna
527 2298 672 2355 illius,
715 2299 800 2358 qui
839 2298 928 2344 hac
967 2299 1193 2345 libertate
1232 2316 1377 2346 ausus
1417 2306 1490 2347 est
1533 2302 1621 2348 uti.
1651 2297 1710 2342 25

158 2381 262 2422 erat
302 2374 558 2436 φιλόκαλος
593 2393 746 2438 usque
786 2378 847 2423 ad
883 2379 1151 2424 emacitatis
1191 2380 1623 2441 reprehensionem.

236 2490 262 2527 4
291 2488 516 2528 CANINIO
544 2493 637 2537 FDp
707 2492 940 2530 Catanacus
973 2491 1177 2530 CANNIO
1206 2495 1350 2532 Mvffa
1405 2493 1580 2533 Canimo
1605 2506 1629 2534 1·

208 2553 355 2592 RVFO
384 2558 453 2593 ΡΒ·
583 2555 708 2593 Rufio
735 2567 788 2603 pr
815 2569 888 2596 om.
912 2560 1052 2597 Mvna
1212 2559 1260 2595 11
1288 2557 1467 2607 reliquid
1489 2563 1525 2598 V

159 2621 209 2658 18
237 2618 445 2667 frequenti
470 2622 614 2666 FDpra
640 2621 851 2669 praesenti
878 2625 956 2661 MV
1145 2622 1196 2661 26
1223 2623 1457 2663 emacitatis
1483 2627 1630 2672 1·me

158 2684 345 2724 ciuitatis
371 2688 406 2723 V
459 2686 642 2725 cantatis
664 2690 707 2726 M
