<?xml version="1.0" encoding="UTF-8"?>
<!DOCTYPE html PUBLIC "-//W3C//DTD XHTML 1.0 Transitional//EN"
    "http://www.w3.org/TR/xhtml1/DTD/xhtml1-transitional.dtd">
<html xmlns="http://www.w3.org/1999/xhtml" xml:lang="en" lang="en">
 <head>
  <title>
</title>
<meta http-equiv="Content-Type" content="text/html;charset=utf-8" />
  <meta name='ocr-system' content='tesseract 3.04.00' />
  <meta name='ocr-capabilities' content='ocr_page ocr_carea ocr_par ocr_line ocrx_word'/>
</head>
<body>
  <div class='ocr_page' id='page_1' title='image "./lettersbookiii00plinuoft/lettersbookiii00plinuoft_0067.png"; bbox 0 0 1823 3000; ppageno 0'>
   <div class='ocr_carea' id='block_1_1' title="bbox 671 294 1607 339">
    <p class='ocr_par' dir='ltr' id='par_1_1' title="bbox 671 294 1607 339">
     <span class='ocr_line' id='line_1_1' title="bbox 671 294 1607 339; baseline 0 -1"><span class='ocrx_word' id='word_1_1' title='bbox 671 294 823 339; x_wconf 88' lang='lat' dir='ltr'><strong>VIIII</strong></span> <span class='ocrx_word' id='word_1_2' title='bbox 884 297 1053 339; x_wconf 81' lang='lat'>24—31</span> <span class='ocrx_word' id='word_1_3' title='bbox 1553 298 1607 338; x_wconf 87' lang='lat'>19</span> 
     </span>
    </p>
   </div>
   <div class='ocr_carea' id='block_1_2' title="bbox 44 392 1690 2707">
    <p class='ocr_par' dir='ltr' id='par_1_2' title="bbox 44 392 1690 2707">
     <span class='ocr_line' id='line_1_2' title="bbox 119 392 1609 456; baseline -0.004 -13"><span class='ocrx_word' id='word_1_4' title='bbox 119 397 298 442; x_wconf 90' lang='lat' dir='ltr'>totiens</span> <span class='ocrx_word' id='word_1_5' title='bbox 323 393 577 456; x_wconf 87' lang='lat' dir='ltr'>agendum,</span> <span class='ocrx_word' id='word_1_6' title='bbox 598 393 776 438; x_wconf 89' lang='lat' dir='ltr'>totiens</span> <span class='ocrx_word' id='word_1_7' title='bbox 800 393 1147 451; x_wconf 89' lang='lat' dir='ltr'>altercandum,</span> <span class='ocrx_word' id='word_1_8' title='bbox 1166 398 1268 438; x_wconf 89' lang='lat' dir='ltr'>tam</span> <span class='ocrx_word' id='word_1_9' title='bbox 1292 392 1438 438; x_wconf 88' lang='lat' dir='ltr'>multi</span> <span class='ocrx_word' id='word_1_10' title='bbox 1461 396 1609 438; x_wconf 89' lang='lat' dir='ltr'>testes</span> 
     </span>
     <span class='ocr_line' id='line_1_3' title="bbox 119 473 1672 539; baseline -0.006 -15"><span class='ocrx_word' id='word_1_11' title='bbox 119 476 452 539; x_wconf 86' lang='lat' dir='ltr'>interrogandi</span> <span class='ocrx_word' id='word_1_12' title='bbox 492 475 782 521; x_wconf 87' lang='lat' dir='ltr'>subleuandi</span> <span class='ocrx_word' id='word_1_13' title='bbox 828 474 1090 522; x_wconf 80' lang='lat' dir='ltr'>refutandi.</span> <span class='ocrx_word' id='word_1_14' title='bbox 1186 473 1284 518; x_wconf 88' lang='lat' dir='ltr'>iam</span> <span class='ocrx_word' id='word_1_15' title='bbox 1330 473 1417 518; x_wconf 89' lang='lat' dir='ltr'>illa</span> <span class='ocrx_word' id='word_1_16' title='bbox 1463 488 1607 533; x_wconf 88' lang='lat' dir='ltr'>quam</span> <span class='ocrx_word' id='word_1_17' title='bbox 1634 486 1672 514; x_wconf 81' lang='lat'>25</span> 
     </span>
     <span class='ocr_line' id='line_1_4' title="bbox 121 553 1610 617; baseline -0.005 -14"><span class='ocrx_word' id='word_1_18' title='bbox 121 558 285 615; x_wconf 91' lang='lat' dir='ltr'>ardua,</span> <span class='ocrx_word' id='word_1_19' title='bbox 314 572 460 617; x_wconf 89' lang='lat' dir='ltr'>quam</span> <span class='ocrx_word' id='word_1_20' title='bbox 483 554 698 612; x_wconf 87' lang='lat' dir='ltr'>molesta,</span> <span class='ocrx_word' id='word_1_21' title='bbox 726 559 801 599; x_wconf 92' lang='lat' dir='ltr'>tot</span> <span class='ocrx_word' id='word_1_22' title='bbox 829 570 1022 600; x_wconf 89' lang='lat' dir='ltr'>reorum</span> <span class='ocrx_word' id='word_1_23' title='bbox 1047 553 1418 599; x_wconf 85' lang='lat' dir='ltr'>amicis-secreto</span> <span class='ocrx_word' id='word_1_24' title='bbox 1443 567 1610 612; x_wconf 82' lang='lat' dir='ltr'>rogan-</span> 
     </span>
     <span class='ocr_line' id='line_1_5' title="bbox 122 634 1611 696; baseline -0.002 -14"><span class='ocrx_word' id='word_1_25' title='bbox 122 637 255 682; x_wconf 80' lang='lat' dir='ltr'>tibus</span> <span class='ocrx_word' id='word_1_26' title='bbox 279 651 467 696; x_wconf 84' lang='lat' dir='ltr'>negare,</span> <span class='ocrx_word' id='word_1_27' title='bbox 492 634 867 680; x_wconf 88' lang='lat' dir='ltr'>aduersantibus</span> <span class='ocrx_word' id='word_1_28' title='bbox 891 635 1050 696; x_wconf 87' lang='lat' dir='ltr'>palam</span> <span class='ocrx_word' id='word_1_29' title='bbox 1075 635 1307 680; x_wconf 87' lang='lat' dir='ltr'>obsistere</span> <span class='ocrx_word' id='word_1_30' title='bbox 1329 638 1336 682; x_wconf 77' lang='grc'>1</span> <span class='ocrx_word' id='word_1_31' title='bbox 1405 635 1611 680; x_wconf 88' lang='lat' dir='ltr'>referam</span> 
     </span>
     <span class='ocr_line' id='line_1_6' title="bbox 71 714 1611 777; baseline -0.003 -14"><span class='ocrx_word' id='word_1_32' title='bbox 71 722 98 767; x_wconf 88' lang='grc'>5</span> <span class='ocrx_word' id='word_1_33' title='bbox 122 734 275 763; x_wconf 88' lang='lat' dir='ltr'>unum</span> <span class='ocrx_word' id='word_1_34' title='bbox 310 715 494 777; x_wconf 89' lang='lat' dir='ltr'>aliquid</span> <span class='ocrx_word' id='word_1_35' title='bbox 530 731 591 760; x_wconf 80' lang='lat' dir='ltr'>ex</span> <span class='ocrx_word' id='word_1_36' title='bbox 625 715 684 760; x_wconf 90' lang='lat' dir='ltr'>iis</span> <span class='ocrx_word' id='word_1_37' title='bbox 720 731 843 776; x_wconf 91' lang='lat' dir='ltr'>quae</span> <span class='ocrx_word' id='word_1_38' title='bbox 875 715 992 761; x_wconf 80' lang='lat' dir='ltr'>dixi.</span> <span class='ocrx_word' id='word_1_39' title='bbox 1065 731 1176 761; x_wconf 91' lang='lat' dir='ltr'>cum</span> <span class='ocrx_word' id='word_1_40' title='bbox 1207 714 1331 760; x_wconf 89' lang='lat' dir='ltr'>mihi</span> <span class='ocrx_word' id='word_1_41' title='bbox 1359 714 1556 775; x_wconf 87' lang='lat' dir='ltr'>quidam</span> <span class='ocrx_word' id='word_1_42' title='bbox 1585 730 1611 759; x_wconf 87' lang='lat' dir='ltr'>e</span> 
     </span>
     <span class='ocr_line' id='line_1_7' title="bbox 122 796 1612 857; baseline -0.003 -13"><span class='ocrx_word' id='word_1_43' title='bbox 122 797 363 844; x_wconf 90' lang='lat' dir='ltr'>iudicibus</span> <span class='ocrx_word' id='word_1_44' title='bbox 386 796 502 857; x_wconf 89' lang='lat' dir='ltr'>ipsis</span> <span class='ocrx_word' id='word_1_45' title='bbox 528 812 613 857; x_wconf 91' lang='lat' dir='ltr'>pro</span> <span class='ocrx_word' id='word_1_46' title='bbox 636 812 718 841; x_wconf 89' lang='lat' dir='ltr'>reo</span> <span class='ocrx_word' id='word_1_47' title='bbox 741 797 1088 857; x_wconf 85' lang='lat' dir='ltr'>gratiosissimo</span> <span class='ocrx_word' id='word_1_48' title='bbox 1123 796 1456 851; x_wconf 68' lang='lat' dir='ltr'>reclamarent,</span> <span class='ocrx_word' id='word_1_49' title='bbox 1487 799 1612 839; x_wconf 91' lang='lat' dir='ltr'>‘non</span> 
     </span>
     <span class='ocr_line' id='line_1_8' title="bbox 122 875 1608 939; baseline -0.003 -15"><span class='ocrx_word' id='word_1_50' title='bbox 122 878 305 924; x_wconf 88' lang='lat' dir='ltr'>minus&#39;</span> <span class='ocrx_word' id='word_1_51' title='bbox 330 879 530 939; x_wconf 89' lang='lat' dir='ltr'>inquam</span> <span class='ocrx_word' id='word_1_52' title='bbox 560 882 570 902; x_wconf 89' lang='lat'>‘</span> <span class='ocrx_word' id='word_1_53' title='bbox 586 877 665 923; x_wconf 89' lang='lat' dir='ltr'>hic</span> <span class='ocrx_word' id='word_1_54' title='bbox 688 878 918 923; x_wconf 83' lang='lat' dir='ltr'>innocens</span> <span class='ocrx_word' id='word_1_55' title='bbox 939 878 1045 934; x_wconf 91' lang='lat' dir='ltr'>erit,</span> <span class='ocrx_word' id='word_1_56' title='bbox 1068 877 1109 923; x_wconf 92' lang='lat' dir='ltr'>si</span> <span class='ocrx_word' id='word_1_57' title='bbox 1128 894 1213 938; x_wconf 82' lang='lat' dir='ltr'>ego</span> <span class='ocrx_word' id='word_1_58' title='bbox 1229 876 1392 922; x_wconf 91' lang='lat' dir='ltr'>omnia</span> <span class='ocrx_word' id='word_1_59' title='bbox 1411 875 1608 922; x_wconf 56' lang='lat' dir='ltr'>dixero)</span> 
     </span>
     <span class='ocr_line' id='line_1_9' title="bbox 124 955 1674 1018; baseline -0.003 -14"><span class='ocrx_word' id='word_1_60' title='bbox 124 958 413 1004; x_wconf 89' lang='lat' dir='ltr'>coniectabis</span> <span class='ocrx_word' id='word_1_61' title='bbox 438 973 499 1002; x_wconf 81' lang='lat' dir='ltr'>ex</span> <span class='ocrx_word' id='word_1_62' title='bbox 522 957 610 1003; x_wconf 92' lang='lat' dir='ltr'>hoc</span> <span class='ocrx_word' id='word_1_63' title='bbox 630 962 837 1018; x_wconf 88' lang='lat' dir='ltr'>quantas</span> <span class='ocrx_word' id='word_1_64' title='bbox 862 958 1211 1014; x_wconf 79' lang='lat' dir='ltr'>contentiones,</span> <span class='ocrx_word' id='word_1_65' title='bbox 1234 962 1441 1018; x_wconf 84' lang='lat' dir='ltr'>quantas</span> <span class='ocrx_word' id='word_1_66' title='bbox 1465 955 1611 1002; x_wconf 90' lang='lat' dir='ltr'>etiam</span> <span class='ocrx_word' id='word_1_67' title='bbox 1636 965 1674 994; x_wconf 83' lang='lat'>26</span> 
     </span>
     <span class='ocr_line' id='line_1_10' title="bbox 125 1037 1611 1098; baseline -0.001 -15"><span class='ocrx_word' id='word_1_68' title='bbox 125 1039 328 1084; x_wconf 84' lang='lat' dir='ltr'>offensas</span> <span class='ocrx_word' id='word_1_69' title='bbox 354 1037 658 1094; x_wconf 80' lang='lat' dir='ltr'>subierimUS,</span> <span class='ocrx_word' id='word_1_70' title='bbox 688 1038 947 1083; x_wconf 76' lang='lat' dir='ltr'><strong>dumtaxat</strong></span> <span class='ocrx_word' id='word_1_71' title='bbox 971 1038 1033 1083; x_wconf 90' lang='lat' dir='ltr'>ad</span> <span class='ocrx_word' id='word_1_72' title='bbox 1068 1039 1215 1083; x_wconf 86' lang='lat' dir='ltr'>breue</span> <span class='ocrx_word' id='word_1_73' title='bbox 1239 1044 1432 1098; x_wconf 89' lang='lat' dir='ltr'>tempus</span> <span class='ocrx_word' id='word_1_74' title='bbox 1453 1055 1460 1082; x_wconf 90' lang='lat'>:</span> <span class='ocrx_word' id='word_1_75' title='bbox 1497 1052 1611 1081; x_wconf 92' lang='lat' dir='ltr'>nam</span> 
     </span>
     <span class='ocr_line' id='line_1_11' title="bbox 44 1115 1613 1180; baseline -0.004 -13"><span class='ocrx_word' id='word_1_76' title='bbox 44 1121 102 1167; x_wconf 88' lang='lat'>10</span> <span class='ocrx_word' id='word_1_77' title='bbox 125 1120 243 1166; x_wconf 89' lang='lat' dir='ltr'>fides</span> <span class='ocrx_word' id='word_1_78' title='bbox 274 1119 326 1164; x_wconf 90' lang='lat' dir='ltr'>in</span> <span class='ocrx_word' id='word_1_79' title='bbox 354 1118 626 1180; x_wconf 86' lang='lat' dir='ltr'>praesentia</span> <span class='ocrx_word' id='word_1_80' title='bbox 658 1134 737 1164; x_wconf 92' lang='lat' dir='ltr'>eos</span> <span class='ocrx_word' id='word_1_81' title='bbox 769 1119 945 1180; x_wconf 88' lang='lat' dir='ltr'>quibus</span> <span class='ocrx_word' id='word_1_82' title='bbox 980 1119 1164 1164; x_wconf 75' lang='lat' dir='ltr'>resistit</span> <span class='ocrx_word' id='word_1_83' title='bbox 1199 1118 1412 1173; x_wconf 87' lang='lat' dir='ltr'>offendit,</span> <span class='ocrx_word' id='word_1_84' title='bbox 1440 1115 1613 1162; x_wconf 88' lang='lat' dir='ltr'>deinde</span> 
     </span>
     <span class='ocr_line' id='line_1_12' title="bbox 125 1199 1613 1261; baseline -0.001 -15"><span class='ocrx_word' id='word_1_85' title='bbox 125 1200 186 1246; x_wconf 93' lang='lat' dir='ltr'>ab</span> <span class='ocrx_word' id='word_1_86' title='bbox 209 1199 306 1245; x_wconf 90' lang='lat' dir='ltr'>illis</span> <span class='ocrx_word' id='word_1_87' title='bbox 329 1199 447 1260; x_wconf 91' lang='lat' dir='ltr'>ipsis</span> <span class='ocrx_word' id='word_1_88' title='bbox 479 1200 743 1260; x_wconf 87' lang='lat' dir='ltr'>suspicitur</span> <span class='ocrx_word' id='word_1_89' title='bbox 766 1199 1101 1261; x_wconf 83' lang='lat' dir='ltr'>laudaturque.</span> <span class='ocrx_word' id='word_1_90' title='bbox 1176 1215 1275 1244; x_wconf 85' lang='lat' dir='ltr'>non</span> <span class='ocrx_word' id='word_1_91' title='bbox 1298 1199 1437 1260; x_wconf 88' lang='lat' dir='ltr'>potui</span> <span class='ocrx_word' id='word_1_92' title='bbox 1461 1199 1613 1260; x_wconf 84' lang='lat' dir='ltr'>magis</span> 
     </span>
     <span class='ocr_line' id='line_1_13' title="bbox 125 1278 1675 1340; baseline 0.001 -17"><span class='ocrx_word' id='word_1_93' title='bbox 125 1283 175 1324; x_wconf 91' lang='lat' dir='ltr'>te</span> <span class='ocrx_word' id='word_1_94' title='bbox 194 1279 246 1323; x_wconf 92' lang='lat' dir='ltr'>in</span> <span class='ocrx_word' id='word_1_95' title='bbox 268 1294 370 1323; x_wconf 84' lang='lat' dir='ltr'>rem</span> <span class='ocrx_word' id='word_1_96' title='bbox 393 1284 697 1339; x_wconf 83' lang='lat' dir='ltr'>praesentem</span> <span class='ocrx_word' id='word_1_97' title='bbox 713 1279 986 1340; x_wconf 86' lang='lat' dir='ltr'>perducere.</span> <span class='ocrx_word' id='word_1_98' title='bbox 1049 1279 1176 1324; x_wconf 84' lang='lat' dir='ltr'>dices</span> <span class='ocrx_word' id='word_1_99' title='bbox 1197 1282 1322 1324; x_wconf 84' lang='lat' dir='ltr'>‘non</span> <span class='ocrx_word' id='word_1_100' title='bbox 1341 1279 1436 1324; x_wconf 86' lang='lat' dir='ltr'>fuit</span> <span class='ocrx_word' id='word_1_101' title='bbox 1454 1278 1584 1324; x_wconf 88' lang='lat' dir='ltr'>tanti</span> <span class='ocrx_word' id='word_1_102' title='bbox 1605 1295 1613 1324; x_wconf 91' lang='lat'>:</span> <span class='ocrx_word' id='word_1_103' title='bbox 1638 1304 1675 1331; x_wconf 77' lang='lat'>27</span> 
     </span>
     <span class='ocr_line' id='line_1_14' title="bbox 126 1358 1614 1420; baseline 0 -16"><span class='ocrx_word' id='word_1_104' title='bbox 126 1359 244 1420; x_wconf 87' lang='lat' dir='ltr'>quid</span> <span class='ocrx_word' id='word_1_105' title='bbox 268 1359 399 1404; x_wconf 90' lang='lat' dir='ltr'>enim</span> <span class='ocrx_word' id='word_1_106' title='bbox 422 1358 545 1403; x_wconf 88' lang='lat' dir='ltr'>mihi</span> <span class='ocrx_word' id='word_1_107' title='bbox 569 1375 678 1404; x_wconf 89' lang='lat' dir='ltr'>cum</span> <span class='ocrx_word' id='word_1_108' title='bbox 703 1365 805 1418; x_wconf 86' lang='lat' dir='ltr'>tam</span> <span class='ocrx_word' id='word_1_109' title='bbox 829 1359 972 1420; x_wconf 85' lang='lat' dir='ltr'>longa</span> <span class='ocrx_word' id='word_1_110' title='bbox 996 1359 1202 1420; x_wconf 85' lang='lat' dir='ltr'>epistula</span> <span class='ocrx_word' id='word_1_111' title='bbox 1219 1359 1255 1405; x_wconf 74' lang='lat'>2&#39;</span> <span class='ocrx_word' id='word_1_112' title='bbox 1325 1359 1478 1404; x_wconf 89' lang='lat' dir='ltr'>nolito</span> <span class='ocrx_word' id='word_1_113' title='bbox 1504 1374 1614 1419; x_wconf 82' lang='lat' dir='ltr'>ergo</span> 
     </span>
     <span class='ocr_line' id='line_1_15' title="bbox 126 1438 1616 1500; baseline -0.001 -16"><span class='ocrx_word' id='word_1_114' title='bbox 126 1438 393 1484; x_wconf 87' lang='lat' dir='ltr'>identidem</span> <span class='ocrx_word' id='word_1_115' title='bbox 434 1454 662 1499; x_wconf 87' lang='lat' dir='ltr'>quaerere</span> <span class='ocrx_word' id='word_1_116' title='bbox 700 1439 818 1500; x_wconf 90' lang='lat' dir='ltr'>quid</span> <span class='ocrx_word' id='word_1_117' title='bbox 860 1439 1045 1485; x_wconf 86' lang='lat' dir='ltr'>Romae</span> <span class='ocrx_word' id='word_1_118' title='bbox 1083 1445 1292 1500; x_wconf 80' lang='lat' dir='ltr'>geratur.</span> <span class='ocrx_word' id='word_1_119' title='bbox 1364 1445 1413 1485; x_wconf 90' lang='lat' dir='ltr'>et</span> <span class='ocrx_word' id='word_1_120' title='bbox 1451 1444 1616 1484; x_wconf 83' lang='lat' dir='ltr'>tamen</span> 
     </span>
     <span class='ocr_line' id='line_1_16' title="bbox 47 1518 1616 1580; baseline -0.001 -17"><span class='ocrx_word' id='word_1_121' title='bbox 47 1529 105 1574; x_wconf 87' lang='lat'>15</span> <span class='ocrx_word' id='word_1_122' title='bbox 128 1523 371 1564; x_wconf 90' lang='lat' dir='ltr'>memento</span> <span class='ocrx_word' id='word_1_123' title='bbox 394 1534 493 1563; x_wconf 90' lang='lat' dir='ltr'>non</span> <span class='ocrx_word' id='word_1_124' title='bbox 518 1535 618 1564; x_wconf 88' lang='lat' dir='ltr'>esse</span> <span class='ocrx_word' id='word_1_125' title='bbox 644 1518 899 1579; x_wconf 84' lang='lat' dir='ltr'>epistulam</span> <span class='ocrx_word' id='word_1_126' title='bbox 929 1519 1124 1580; x_wconf 81' lang='lat' dir='ltr'>longam</span> <span class='ocrx_word' id='word_1_127' title='bbox 1149 1535 1271 1579; x_wconf 88' lang='lat' dir='ltr'>quae</span> <span class='ocrx_word' id='word_1_128' title='bbox 1301 1523 1375 1564; x_wconf 96' lang='lat' dir='ltr'>tot</span> <span class='ocrx_word' id='word_1_129' title='bbox 1399 1518 1512 1575; x_wconf 90' lang='lat' dir='ltr'>dies,</span> <span class='ocrx_word' id='word_1_130' title='bbox 1540 1522 1616 1563; x_wconf 92' lang='lat' dir='ltr'>tot</span> 
     </span>
     <span class='ocr_line' id='line_1_17' title="bbox 128 1597 1611 1660; baseline -0.003 -15"><span class='ocrx_word' id='word_1_131' title='bbox 128 1598 440 1660; x_wconf 85' lang='lat' dir='ltr'>cognitiones,</span> <span class='ocrx_word' id='word_1_132' title='bbox 473 1604 548 1644; x_wconf 91' lang='lat' dir='ltr'>tot</span> <span class='ocrx_word' id='word_1_133' title='bbox 584 1599 791 1660; x_wconf 88' lang='lat' dir='ltr'>denique</span> <span class='ocrx_word' id='word_1_134' title='bbox 825 1614 931 1644; x_wconf 90' lang='lat' dir='ltr'>reos</span> <span class='ocrx_word' id='word_1_135' title='bbox 961 1615 1221 1660; x_wconf 87' lang='lat' dir='ltr'>causasque</span> <span class='ocrx_word' id='word_1_136' title='bbox 1251 1598 1502 1659; x_wconf 86' lang='lat' dir='ltr'>complexa</span> <span class='ocrx_word' id='word_1_137' title='bbox 1536 1597 1611 1642; x_wconf 87' lang='lat' dir='ltr'>sit.</span> 
     </span>
     <span class='ocr_line' id='line_1_18' title="bbox 128 1679 1678 1740; baseline 0 -16"><span class='ocrx_word' id='word_1_138' title='bbox 128 1694 253 1740; x_wconf 91' lang='lat' dir='ltr'>quae</span> <span class='ocrx_word' id='word_1_139' title='bbox 294 1679 457 1724; x_wconf 89' lang='lat' dir='ltr'>omnia</span> <span class='ocrx_word' id='word_1_140' title='bbox 501 1679 671 1724; x_wconf 92' lang='lat' dir='ltr'>uideor</span> <span class='ocrx_word' id='word_1_141' title='bbox 716 1679 839 1724; x_wconf 89' lang='lat' dir='ltr'>mihi</span> <span class='ocrx_word' id='word_1_142' title='bbox 878 1695 978 1724; x_wconf 89' lang='lat' dir='ltr'>non</span> <span class='ocrx_word' id='word_1_143' title='bbox 1016 1679 1176 1724; x_wconf 80' lang='lat' dir='ltr'>minus</span> <span class='ocrx_word' id='word_1_144' title='bbox 1217 1679 1433 1724; x_wconf 84' lang='lat' dir='ltr'>breuiter</span> <span class='ocrx_word' id='word_1_145' title='bbox 1470 1693 1616 1740; x_wconf 89' lang='lat' dir='ltr'>quam</span> <span class='ocrx_word' id='word_1_146' title='bbox 1641 1689 1678 1719; x_wconf 78' lang='lat'>28</span> 
     </span>
     <span class='ocr_line' id='line_1_19' title="bbox 130 1755 1619 1820; baseline 0.001 -18"><span class='ocrx_word' id='word_1_147' title='bbox 130 1757 390 1819; x_wconf 85' lang='lat' dir='ltr'>diligenter</span> <span class='ocrx_word' id='word_1_148' title='bbox 424 1763 717 1820; x_wconf 90' lang='lat' dir='ltr'>persecutus.</span> <span class='ocrx_word' id='word_1_149' title='bbox 790 1764 972 1804; x_wconf 87' lang='lat' dir='ltr'>temere</span> <span class='ocrx_word' id='word_1_150' title='bbox 1007 1758 1112 1804; x_wconf 82' lang='lat' dir='ltr'>dixi</span> <span class='ocrx_word' id='word_1_151' title='bbox 1143 1755 1480 1819; x_wconf 84' lang='lat' dir='ltr'>‘diligenter’:</span> <span class='ocrx_word' id='word_1_152' title='bbox 1517 1772 1619 1803; x_wconf 87' lang='lat' dir='ltr'>suc-</span> 
     </span>
     <span class='ocr_line' id='line_1_20' title="bbox 130 1839 1620 1900; baseline 0 -16"><span class='ocrx_word' id='word_1_153' title='bbox 130 1839 284 1884; x_wconf 86' lang='lat' dir='ltr'>currit</span> <span class='ocrx_word' id='word_1_154' title='bbox 307 1839 438 1900; x_wconf 90' lang='lat' dir='ltr'>quod</span> <span class='ocrx_word' id='word_1_155' title='bbox 472 1839 830 1900; x_wconf 86' lang='lat' dir='ltr'>praeterieram,</span> <span class='ocrx_word' id='word_1_156' title='bbox 857 1845 906 1885; x_wconf 92' lang='lat' dir='ltr'>et</span> <span class='ocrx_word' id='word_1_157' title='bbox 938 1839 1137 1900; x_wconf 89' lang='lat' dir='ltr'>quidem</span> <span class='ocrx_word' id='word_1_158' title='bbox 1169 1855 1273 1885; x_wconf 89' lang='lat' dir='ltr'>sero</span> <span class='ocrx_word' id='word_1_159' title='bbox 1290 1856 1302 1898; x_wconf 83' lang='lat'>3</span> <span class='ocrx_word' id='word_1_160' title='bbox 1339 1839 1421 1884; x_wconf 91' lang='lat' dir='ltr'>sed</span> <span class='ocrx_word' id='word_1_161' title='bbox 1457 1854 1620 1900; x_wconf 89' lang='lat' dir='ltr'>quam-</span> 
     </span>
     <span class='ocr_line' id='line_1_21' title="bbox 48 1918 1618 1981; baseline -0.001 -16"><span class='ocrx_word' id='word_1_162' title='bbox 48 1927 110 1973; x_wconf 87' lang='lat'>20</span> <span class='ocrx_word' id='word_1_163' title='bbox 132 1935 276 1981; x_wconf 88' lang='lat' dir='ltr'>quam</span> <span class='ocrx_word' id='word_1_164' title='bbox 300 1924 618 1981; x_wconf 87' lang='lat' dir='ltr'>praepostere,</span> <span class='ocrx_word' id='word_1_165' title='bbox 647 1919 889 1965; x_wconf 87' lang='lat' dir='ltr'>reddetur.</span> <span class='ocrx_word' id='word_1_166' title='bbox 962 1919 1080 1965; x_wconf 86' lang='lat' dir='ltr'>facit</span> <span class='ocrx_word' id='word_1_167' title='bbox 1103 1919 1192 1965; x_wconf 90' lang='lat' dir='ltr'>hoc</span> <span class='ocrx_word' id='word_1_168' title='bbox 1228 1918 1474 1965; x_wconf 88' lang='lat' dir='ltr'>Homerus</span> <span class='ocrx_word' id='word_1_169' title='bbox 1497 1919 1618 1964; x_wconf 91' lang='lat' dir='ltr'>mul-</span> 
     </span>
     <span class='ocr_line' id='line_1_22' title="bbox 132 1999 1622 2063; baseline -0.002 -16"><span class='ocrx_word' id='word_1_170' title='bbox 132 2002 268 2063; x_wconf 89' lang='lat' dir='ltr'>tique</span> <span class='ocrx_word' id='word_1_171' title='bbox 313 2001 445 2046; x_wconf 83' lang='grc'>1111113</span> <span class='ocrx_word' id='word_1_172' title='bbox 485 1999 718 2061; x_wconf 84' lang='lat' dir='ltr'>exemplo,</span> <span class='ocrx_word' id='word_1_173' title='bbox 764 2005 838 2045; x_wconf 92' lang='lat' dir='ltr'>est</span> <span class='ocrx_word' id='word_1_174' title='bbox 884 1999 1067 2061; x_wconf 87' lang='lat' dir='ltr'>alioqui</span> <span class='ocrx_word' id='word_1_175' title='bbox 1105 2000 1429 2061; x_wconf 89' lang='lat' dir='ltr'>perdecorum,</span> <span class='ocrx_word' id='word_1_176' title='bbox 1470 2015 1500 2044; x_wconf 89' lang='lat' dir='ltr'>a</span> <span class='ocrx_word' id='word_1_177' title='bbox 1544 2014 1622 2044; x_wconf 91' lang='lat' dir='ltr'>me</span> 
     </span>
     <span class='ocr_line' id='line_1_23' title="bbox 133 2081 1685 2142; baseline -0.001 -13"><span class='ocrx_word' id='word_1_178' title='bbox 133 2088 298 2129; x_wconf 87' lang='lat' dir='ltr'>tamen</span> <span class='ocrx_word' id='word_1_179' title='bbox 331 2098 430 2128; x_wconf 88' lang='lat' dir='ltr'>non</span> <span class='ocrx_word' id='word_1_180' title='bbox 461 2082 570 2128; x_wconf 89' lang='lat' dir='ltr'>ideo</span> <span class='ocrx_word' id='word_1_181' title='bbox 604 2081 700 2129; x_wconf 91' lang='lat' dir='ltr'>fiet.</span> <span class='ocrx_word' id='word_1_182' title='bbox 774 2098 800 2127; x_wconf 89' lang='lat' dir='ltr'>e</span> <span class='ocrx_word' id='word_1_183' title='bbox 834 2081 1042 2127; x_wconf 88' lang='lat' dir='ltr'>testibus</span> <span class='ocrx_word' id='word_1_184' title='bbox 1077 2081 1276 2142; x_wconf 90' lang='lat' dir='ltr'>quidam</span> <span class='ocrx_word' id='word_1_185' title='bbox 1311 2081 1414 2128; x_wconf 91' lang='lat' dir='ltr'>siue</span> <span class='ocrx_word' id='word_1_186' title='bbox 1449 2082 1618 2139; x_wconf 86' lang='lat' dir='ltr'>iratus,</span> <span class='ocrx_word' id='word_1_187' title='bbox 1646 2113 1685 2142; x_wconf 84' lang='lat'>29</span> 
     </span>
     <span class='ocr_line' id='line_1_24' title="bbox 135 2161 1622 2224; baseline -0.001 -16"><span class='ocrx_word' id='word_1_188' title='bbox 135 2162 264 2224; x_wconf 92' lang='lat' dir='ltr'>quod</span> <span class='ocrx_word' id='word_1_189' title='bbox 288 2167 515 2208; x_wconf 89' lang='lat' dir='ltr'>euocatus</span> <span class='ocrx_word' id='word_1_190' title='bbox 540 2167 666 2208; x_wconf 89' lang='lat' dir='ltr'>esset</span> <span class='ocrx_word' id='word_1_191' title='bbox 690 2161 892 2219; x_wconf 70' lang='lat' dir='ltr'>inuitUS,</span> <span class='ocrx_word' id='word_1_192' title='bbox 921 2163 1023 2207; x_wconf 90' lang='lat' dir='ltr'>siue</span> <span class='ocrx_word' id='word_1_193' title='bbox 1053 2161 1346 2207; x_wconf 88' lang='lat' dir='ltr'>subornatus</span> <span class='ocrx_word' id='word_1_194' title='bbox 1375 2161 1435 2206; x_wconf 88' lang='lat' dir='ltr'>ab</span> <span class='ocrx_word' id='word_1_195' title='bbox 1459 2161 1622 2221; x_wconf 90' lang='lat' dir='ltr'>aliquo</span> 
     </span>
     <span class='ocr_line' id='line_1_25' title="bbox 134 2241 1622 2302; baseline -0.001 -14"><span class='ocrx_word' id='word_1_196' title='bbox 134 2259 339 2302; x_wconf 88' lang='lat' dir='ltr'>reorum,</span> <span class='ocrx_word' id='word_1_197' title='bbox 366 2248 425 2288; x_wconf 91' lang='lat' dir='ltr'>ut</span> <span class='ocrx_word' id='word_1_198' title='bbox 448 2242 802 2288; x_wconf 87' lang='lat' dir='ltr'>accusationem</span> <span class='ocrx_word' id='word_1_199' title='bbox 834 2247 1120 2299; x_wconf 84' lang='lat' dir='ltr'>exarmaret,</span> <span class='ocrx_word' id='word_1_200' title='bbox 1149 2241 1438 2287; x_wconf 88' lang='lat' dir='ltr'>Norbanum</span> <span class='ocrx_word' id='word_1_201' title='bbox 1465 2241 1622 2286; x_wconf 90' lang='lat' dir='ltr'>Licin-</span> 
     </span>
     <span class='ocr_line' id='line_1_26' title="bbox 52 2322 1623 2385; baseline -0.002 -16"><span class='ocrx_word' id='word_1_202' title='bbox 52 2325 114 2370; x_wconf 77' lang='lat'>25</span> <span class='ocrx_word' id='word_1_203' title='bbox 137 2323 316 2381; x_wconf 90' lang='lat' dir='ltr'>ianum,</span> <span class='ocrx_word' id='word_1_204' title='bbox 343 2323 559 2385; x_wconf 86' lang='lat' dir='ltr'>legatum</span> <span class='ocrx_word' id='word_1_205' title='bbox 583 2330 633 2369; x_wconf 89' lang='lat' dir='ltr'>et</span> <span class='ocrx_word' id='word_1_206' title='bbox 657 2323 1013 2384; x_wconf 90' lang='lat' dir='ltr'>inquisitorem,</span> <span class='ocrx_word' id='word_1_207' title='bbox 1041 2338 1180 2368; x_wconf 89' lang='lat' dir='ltr'>reum</span> <span class='ocrx_word' id='word_1_208' title='bbox 1204 2322 1485 2384; x_wconf 89' lang='lat' dir='ltr'>postulauit,</span> <span class='ocrx_word' id='word_1_209' title='bbox 1506 2327 1623 2366; x_wconf 90' lang='lat' dir='ltr'>tam-</span> 
     </span>
     <span class='ocr_line' id='line_1_27' title="bbox 138 2402 1624 2466; baseline -0.001 -16"><span class='ocrx_word' id='word_1_210' title='bbox 138 2420 285 2466; x_wconf 88' lang='lat' dir='ltr'>quam</span> <span class='ocrx_word' id='word_1_211' title='bbox 307 2403 361 2449; x_wconf 90' lang='lat' dir='ltr'>in</span> <span class='ocrx_word' id='word_1_212' title='bbox 385 2420 528 2450; x_wconf 88' lang='lat' dir='ltr'>causa</span> <span class='ocrx_word' id='word_1_213' title='bbox 553 2404 724 2451; x_wconf 86' lang='lat' dir='ltr'>Castae</span> <span class='ocrx_word' id='word_1_214' title='bbox 758 2402 904 2465; x_wconf 86' lang='lat' dir='ltr'>(uxor</span> <span class='ocrx_word' id='word_1_215' title='bbox 927 2403 1043 2449; x_wconf 90' lang='lat' dir='ltr'>haec</span> <span class='ocrx_word' id='word_1_216' title='bbox 1081 2403 1302 2465; x_wconf 86' lang='lat' dir='ltr'>Classici)</span> <span class='ocrx_word' id='word_1_217' title='bbox 1327 2402 1624 2464; x_wconf 87' lang='lat' dir='ltr'>praeuarica-</span> 
     </span>
     <span class='ocr_line' id='line_1_28' title="bbox 139 2484 1690 2546; baseline 0.001 -16"><span class='ocrx_word' id='word_1_218' title='bbox 139 2489 287 2530; x_wconf 89' lang='lat' dir='ltr'>retur.</span> <span class='ocrx_word' id='word_1_219' title='bbox 358 2489 432 2530; x_wconf 89' lang='lat' dir='ltr'>est</span> <span class='ocrx_word' id='word_1_220' title='bbox 465 2484 569 2546; x_wconf 89' lang='lat' dir='ltr'>lege</span> <span class='ocrx_word' id='word_1_221' title='bbox 604 2490 801 2530; x_wconf 90' lang='lat' dir='ltr'>cautum</span> <span class='ocrx_word' id='word_1_222' title='bbox 837 2488 893 2529; x_wconf 90' lang='lat' dir='ltr'>ut</span> <span class='ocrx_word' id='word_1_223' title='bbox 923 2499 1034 2529; x_wconf 91' lang='lat' dir='ltr'>reus</span> <span class='ocrx_word' id='word_1_224' title='bbox 1066 2487 1178 2528; x_wconf 89' lang='lat' dir='ltr'>ante</span> <span class='ocrx_word' id='word_1_225' title='bbox 1209 2487 1480 2544; x_wconf 86' lang='lat' dir='ltr'>peragatur,</span> <span class='ocrx_word' id='word_1_226' title='bbox 1507 2486 1626 2528; x_wconf 87' lang='lat' dir='ltr'>tunc</span> <span class='ocrx_word' id='word_1_227' title='bbox 1649 2512 1690 2542; x_wconf 84' lang='lat'>30</span> 
     </span>
     <span class='ocr_line' id='line_1_29' title="bbox 140 2563 1627 2627; baseline -0.003 -15"><span class='ocrx_word' id='word_1_228' title='bbox 140 2566 199 2612; x_wconf 90' lang='lat' dir='ltr'>de</span> <span class='ocrx_word' id='word_1_229' title='bbox 233 2565 616 2627; x_wconf 89' lang='lat' dir='ltr'>praeuaricatore</span> <span class='ocrx_word' id='word_1_230' title='bbox 643 2570 919 2627; x_wconf 89' lang='lat' dir='ltr'>quaeratur,</span> <span class='ocrx_word' id='word_1_231' title='bbox 946 2564 1174 2610; x_wconf 89' lang='lat' dir='ltr'>uidelicet</span> <span class='ocrx_word' id='word_1_232' title='bbox 1208 2563 1322 2624; x_wconf 89' lang='lat' dir='ltr'>quia</span> <span class='ocrx_word' id='word_1_233' title='bbox 1353 2563 1534 2624; x_wconf 86' lang='lat' dir='ltr'>optime</span> <span class='ocrx_word' id='word_1_234' title='bbox 1565 2578 1627 2608; x_wconf 86' lang='lat' dir='ltr'>ex</span> 
     </span>
     <span class='ocr_line' id='line_1_30' title="bbox 140 2643 1687 2707; baseline 0 -14"><span class='ocrx_word' id='word_1_235' title='bbox 140 2645 442 2693; x_wconf 82' lang='lat' dir='ltr'>accusatione</span> <span class='ocrx_word' id='word_1_236' title='bbox 465 2645 571 2707; x_wconf 89' lang='lat' dir='ltr'>ipsa</span> <span class='ocrx_word' id='word_1_237' title='bbox 585 2645 874 2692; x_wconf 86' lang='lat' dir='ltr'>accusatoris</span> <span class='ocrx_word' id='word_1_238' title='bbox 891 2645 1009 2690; x_wconf 86' lang='lat' dir='ltr'>fides</span> <span class='ocrx_word' id='word_1_239' title='bbox 1024 2644 1323 2690; x_wconf 88' lang='lat' dir='ltr'>aestimatur.</span> <span class='ocrx_word' id='word_1_240' title='bbox 1394 2643 1627 2690; x_wconf 88' lang='lat' dir='ltr'>Norbano</span> <span class='ocrx_word' id='word_1_241' title='bbox 1649 2670 1687 2701; x_wconf 88' lang='lat'>31</span> 
     </span>
    </p>
   </div>
   <div class='ocr_carea' id='block_1_3' title="bbox 608 2738 1494 2863">
    <p class='ocr_par' dir='ltr' id='par_1_3' title="bbox 608 2738 1494 2863">
     <span class='ocr_line' id='line_1_31' title="bbox 608 2738 1142 2786; baseline -0.006 -7"><span class='ocrx_word' id='word_1_242' title='bbox 608 2740 660 2779; x_wconf 82' lang='lat'>22</span> <span class='ocrx_word' id='word_1_243' title='bbox 682 2740 752 2780; x_wconf 86' lang='lat' dir='ltr'>fiet</span> <span class='ocrx_word' id='word_1_244' title='bbox 771 2742 913 2779; x_wconf 76' lang='lat' dir='ltr'>MVDa.</span> <span class='ocrx_word' id='word_1_245' title='bbox 966 2738 1040 2778; x_wconf 86' lang='lat' dir='ltr'>fiat</span> <span class='ocrx_word' id='word_1_246' title='bbox 1060 2741 1142 2786; x_wconf 76' lang='lat' dir='ltr'>rpr</span> 
     </span>
     <span class='ocr_line' id='line_1_32' title="bbox 1368 2817 1494 2863; baseline -0.008 0"><span class='ocrx_word' id='word_1_247' title='bbox 1368 2817 1494 2863; x_wconf 83' lang='lat'><strong>2-—2</strong></span> 
     </span>
    </p>
   </div>
  </div>
 </body>
</html>
