1775 3010
191 227 268 266 238
508 225 758 266 CONSTAT
797 226 981 266 RATIO.
1036 226 1316 266 PBESSIVS.
1425 227 1584 277 [XVIII
1603 226 1653 265 10

192 318 252 370 (of
269 317 368 371 Cic.)
391 319 492 358 locos
518 331 670 368 quoque
691 317 933 357 laetiores
957 320 1230 369 attemptauit.
1287 316 1338 355 cf.
1360 317 1425 356 24.
1481 327 1590 356 s'rrm
1608 316 1652 356 in

191 371 264 410 the
284 371 459 409 modern
479 383 598 410 sense
619 383 635 409 1
655 373 678 410 8
697 373 718 419 ἓ
738 372 775 411 5.
831 382 892 409 vn
911 373 934 412 9
953 374 974 420 ἓ
990 375 1024 413 7.
1083 372 1166 410 Cic.
1185 369 1359 419 Quintil.

269 463 298 502 1.
320 463 342 501 1
363 465 387 501 2
407 475 612 502 consume
631 474 846 501 auronum
873 463 925 502 cf.
948 464 996 501 12
1021 465 1042 512 ἓ
1062 464 1100 502 4.
1156 475 1180 501 a
1208 461 1452 500 mercantile
1480 461 1654 511 phrase:

196 515 287 554 ‘the
309 520 485 555 account
510 515 687 561 tanes3’
718 515 819 553 then
848 516 1013 564 applied
1041 521 1084 554 to
1113 515 1317 565 anything
1336 514 1429 553 that
1447 514 1531 553 will
1557 526 1655 564 pass

191 571 361 616 muster,
394 569 430 606 is
459 568 631 606 allowed
657 579 712 606 on
740 568 798 606 all
823 568 970 616 hands,
1003 568 1081 607 has
1107 580 1255 607 reason
1284 579 1338 605 on
1365 567 1424 606 its
1450 566 1552 614 side,
1577 579 1655 606 ean

192 621 339 660 render
359 633 413 658 an
432 623 621 665 account,
641 619 719 658 has
739 633 763 659 a
782 623 921 659 raison
940 621 1078 660 d’etre.
1133 633 1150 659 1
1170 623 1192 660 5
1213 623 1233 668 ἕ
1262 620 1310 659 16
1338 621 1440 658 mihi
1467 626 1507 658 et
1535 625 1655 669 temp-

193 676 311 712 tandi
348 675 510 722 aliquid
546 679 585 711 et
621 675 851 722 quiescendi
890 675 962 712 illo
1001 680 1161 713 auctore
1206 672 1340 711 ratio
1377 672 1654 712 constabit.

193 727 216 766 9
237 728 256 774 ἓ
278 727 300 763 1
326 728 471 764 mirum
490 731 548 764 est
576 738 696 774 quam
724 728 896 774 sinqulis
925 728 1063 765 diebus
1085 729 1132 764 in
1158 727 1254 764 urbe
1281 724 1415 764 ratio
1444 731 1517 763 aut
1545 737 1654 763 eon-

193 781 293 817 stet
323 784 396 816 aut
425 784 604 816 constare
634 779 810 826 uidetur,
829 780 1015 828 pluribus
1045 781 1272 828 iunctisque
1302 791 1383 817 non
1413 783 1563 816 constet
1583 776 1656 830 (we

194 843 304 869 seem
324 831 416 868 able
434 833 477 868 to
502 830 590 878 give
613 842 667 868 an
695 834 871 869 account
900 831 945 869 of
971 831 1073 870 each
1103 831 1259 870 several
1287 830 1380 879 day,
1402 830 1479 868 but
1508 832 1553 869 at
1583 830 1656 868 the

193 882 274 921 end
293 883 337 921 of
353 896 378 921 a
396 882 508 921 week
526 895 571 921 or
590 883 741 921 month
760 883 875 922 there
899 884 936 921 is
961 884 1136 932 nothing
1165 887 1208 922 to
1239 883 1368 930 shew3
1401 883 1472 922 the
1496 883 1600 921 time
1618 882 1655 920 is

193 935 382 974 frittered
401 937 546 984 away).
585 947 620 973 11
638 936 663 973 4
685 939 704 983 g
726 937 750 974 4
771 937 1013 987 (liberalitas
1034 939 1184 986 nostra)
1202 937 1459 985 temperanda
1478 938 1525 974 in
1542 937 1654 980 aliis,

192 990 238 1026 in
259 995 295 1027 te
315 1001 409 1026 uero
421 990 551 1038 facilc
572 990 609 1026 ei
630 987 760 1027 ratio
779 989 1051 1034 constabit,
1072 991 1231 1027 etiamsi
1250 989 1408 1027 modum
1427 989 1654 1027 excesserit.

192 1052 255 1078 vn
285 1041 308 1079 6
337 1043 358 1088 g
390 1042 415 1078 4
445 1043 868 1080 scietis...eonstare
897 1043 1010 1080 nobis
1037 1044 1193 1080 silentii
1229 1043 1359 1080 nostri
1392 1040 1654 1079 rationem.

194 1105 237 1131 u
257 1094 280 1131 2
300 1096 319 1142 ἓ
340 1096 362 1132 5
385 1095 514 1141 habes,
537 1099 582 1131 ut
596 1100 711 1143 puto,
735 1097 881 1132 iustam
900 1097 1204 1139 excusationem,
1225 1107 1346 1143 quam
1366 1100 1499 1132 tamen
1516 1094 1656 1131 dubito

194 1159 250 1184 an
269 1147 346 1184 tibi
360 1147 528 1195 probari
555 1148 691 1184 uelim.
747 1153 804 1185 est
833 1149 938 1185 enim
968 1148 1111 1184 summi
1143 1149 1290 1185 amoris
1320 1159 1465 1195 neqare
1493 1149 1655 1184 ueniam

194 1200 379 1237 breuibus
404 1200 589 1248 epistulis
609 1201 838 1246 amicorum,
863 1202 1048 1248 quamuis
1076 1201 1183 1237 scias
1212 1201 1297 1237 illis
1326 1202 1558 1237 constare
1584 1210 1654 1237 ra-

193 1250 394 1290 tionem.
446 1264 471 1288 x
491 1254 514 1288 3
531 1252 565 1288 A
586 1252 666 1300 (20)
684 1253 704 1298 ἓ
724 1253 747 1289 3
767 1254 834 1289 cui
854 1253 1038 1300 obsequio
1054 1264 1134 1289 meo
1154 1258 1243 1300 opto
1263 1258 1307 1290 ut
1327 1254 1527 1290 existimes
1547 1263 1653 1289 con-

195 1306 328 1342 stare
359 1303 623 1341 rationem.
679 1315 773 1352 pan.
809 1306 859 1342 38
888 1307 907 1351 §
936 1307 960 1341 4
988 1306 1154 1342 ambitio
1184 1307 1290 1343 enim
1320 1311 1359 1343 et
1388 1305 1592 1342 iactantia
1617 1309 1657 1342 et

194 1357 334 1405 effusio
364 1363 402 1394 et
435 1358 600 1404 quiduis
628 1359 765 1405 potius
797 1370 919 1405 quam
949 1358 1176 1394 liberalitas
1206 1359 1478 1395 existimanda
1503 1361 1561 1394 est
1587 1357 1656 1395 cui

193 1409 320 1446 ratio
340 1421 418 1447 non
437 1411 648 1447 constat.
692 1409 785 1446 VM.
808 1421 849 1446 1v
867 1411 890 1447 8
911 1411 930 1457 ἓ
952 1410 973 1446 1
995 1411 1257 1447 liberalitatis
1279 1412 1354 1448 cluo
1372 1415 1464 1447 sunt
1483 1410 1655 1447 maxime

187 1462 416 1510 probabiles
428 1463 580 1511 fontes,
601 1473 738 1500 uerum
759 1463 955 1500 iudicium
974 1467 1013 1500 et
1033 1462 1196 1500 honesta
1221 1463 1506 1500 beniuolentia.
1562 1473 1656 1499 nam

193 1526 282 1552 cum
301 1515 350 1551 ab
373 1515 433 1552 his
453 1516 617 1559 orietur,
641 1520 732 1552 tunc
754 1515 905 1552 demum
931 1517 969 1552 ei
996 1515 1129 1552 ratio
1158 1517 1356 1553 constat
1378 1514 1462 1566 (the
1489 1513 1655 1552 earliest

193 1578 253 1605 ex.
287 1567 330 1604 of
357 1566 442 1604 this
470 1569 567 1615 use).
632 1567 727 1605 Seu.
748 1567 841 1605 ben.
863 1579 897 1604 11
925 1567 1013 1614 16§
1043 1567 1064 1604 1
1096 1568 1327 1616 nihil...per
1353 1580 1392 1606 se
1422 1579 1656 1616 quemquam

195 1620 327 1657 decet:
357 1621 480 1668 refert
501 1620 599 1668 quid
620 1621 686 1657 cui
715 1621 874 1668 quando
904 1632 1026 1668 quare
1054 1621 1135 1665 ubi,
1157 1626 1195 1658 et
1227 1626 1370 1668 cetera,
1394 1622 1480 1658 sine
1510 1620 1654 1669 quibus

188 1674 298 1721 faeti
318 1673 452 1710 ratio
474 1685 549 1710 non
568 1672 833 1710 constabit.
890 1672 1076 1711 Frontin.
1099 1684 1164 1720 aq.
1186 1683 1202 1710 1
1221 1674 1270 1710 31
1290 1684 1350 1721 pr.
1383 1672 1513 1710 ratio
1532 1673 1652 1721 fistu-

195 1727 327 1762 larum
345 1727 787 1773 quinariarum...omni
805 1737 946 1774 genere
966 1727 1074 1763 inita
1093 1727 1296 1763 constat
1317 1726 1411 1764 sibi.
1450 1726 1501 1762 34
1521 1725 1655 1762 omnia

194 1783 327 1815 autem
346 1790 447 1826 quae
467 1789 651 1815 mensura
681 1779 948 1822 eontinentur,
973 1783 1083 1816 certa
1114 1783 1154 1816 et
1185 1779 1409 1816 immobilia
1441 1788 1653 1826 conqruere

192 1831 272 1867 sibi
305 1831 469 1874 debent;
508 1831 572 1867 ita
604 1831 710 1867 enim
737 1832 1001 1868 uniuersitati
1027 1830 1159 1868 ratio
1195 1829 1474 1868 constabit.
1529 1828 1651 1878 Apul.

194 1881 331 1930 dogm.
357 1882 463 1920 Plat.
486 1893 520 1920 11
546 1883 596 1922 27
615 1894 676 1930 pr.
706 1894 777 1920 nec
805 1884 1025 1932 impunitas
1053 1888 1247 1921 rectorum
1276 1884 1412 1931 culpas
1440 1883 1649 1932 relinquit,

193 1936 263 1973 sed
297 1937 425 1983 maqis
462 1941 591 1973 censet
630 1936 692 1972 his
730 1936 865 1973 debere
904 1938 1136 1974 constare
1166 1934 1430 1983 rationem,
1465 1936 1536 1984 qui
1571 1936 1655 1973 sint

175 1987 387 2036 'potestate
412 1989 602 2036 potiores.
660 1988 818 2036 Symm.
851 1999 910 2025 or.
942 1999 1018 2036 pro
1045 1990 1162 2036 patre
1181 1989 1205 2025 2
1235 1994 1439 2037 tantopere
1469 1988 1653 2031 curastis,

193 2045 240 2077 ut
268 2041 440 2089 optimae
473 2041 696 2077 uoluntatis
727 2041 840 2078 uobis
872 2040 1004 2078 ratio
1035 2042 1308 2078 constaret.
1366 2041 1489 2089 Cypr.
1512 2051 1577 2088 ep.
1604 2040 1654 2077 23

195 2091 287 2142 (536
304 2094 327 2130 3
347 2092 528 2140 Hartel).
585 2094 635 2130 84
654 2095 674 2140 ἓ
694 2094 718 2130 8
738 2104 800 2140 pr.
824 2093 917 2140 (805
937 2092 974 2144 8)
995 2094 1325 2131 considerandum
1349 2098 1515 2132 est...an
1545 2104 1654 2131 con-

194 2147 330 2183 stare
347 2145 547 2183 sacerdoti
566 2145 646 2183 Dei
672 2144 802 2183 ratio
826 2147 871 2183 in
890 2147 954 2184 die
974 2147 1121 2183 iudicii
1135 2147 1265 2194 possit
1284 2146 1485 2184 adserenti
1511 2150 1549 2184 et
1562 2156 1656 2194 pro-

194 2198 728 2247 banti...blasphemantium
747 2198 1003 2247 baptismata.
1062 2197 1141 2246 dig.
1166 2209 1263 2235 xmx
1285 2199 1332 2237 16
1354 2199 1414 2237 15.

270 2283 299 2322 1.
321 2283 344 2321 2
365 2295 554 2322 PRESS1vs
574 2295 589 2321 1
607 2285 632 2322 8
655 2286 674 2331 ξ
697 2284 720 2322 5
738 2284 856 2322 stilus
877 2285 960 2332 ipse
980 2294 1185 2332 pressus
1207 2284 1489 2333 clentis-susque.
1521 2283 1570 2324 16
1589 2285 1610 2332 5
1630 2285 1656 2322 4

195 2336 257 2384 (of
280 2336 502 2385 Pompeius
523 2336 791 2383 Saturninus)
813 2338 858 2374 in
876 2337 1125 2374 contionibus
1153 2338 1257 2374 idem
1287 2338 1358 2385 qui
1387 2339 1434 2375 in
1462 2338 1654 2375 orationi-

194 2391 263 2428 bus
283 2395 353 2437 est,
377 2389 598 2438 pressior
625 2395 756 2427 tamen
775 2395 813 2427 et
831 2390 1168 2437 circumscriptior
1186 2394 1226 2427 et
1245 2391 1472 2428 adductior.
1507 2390 1557 2426 22
1576 2392 1598 2438 g
1614 2390 1653 2428 3.

193 2453 228 2480 11
251 2442 344 2490 19§
373 2442 396 2480 6
426 2448 465 2480 et
492 2454 588 2480 sane
618 2444 928 2491 quotusquisque
961 2447 1043 2478 tam
1073 2447 1203 2480 rectus
1236 2443 1412 2487 auditor,
1434 2453 1547 2490 quem
1574 2454 1655 2480 non

189 2496 324 2543 potius
339 2493 503 2532 dulcia
517 2493 636 2532 haec
655 2497 702 2532 et
717 2493 964 2539 sonantia,
981 2506 1101 2543 quam
1113 2500 1275 2533 austera
1289 2500 1327 2532 et
1345 2505 1519 2543 pressa
1532 2495 1654 2533 delec-

195 2550 306 2585 tent.²
373 2558 418 2585 1v
443 2549 493 2585 14
519 2550 540 2595 ξ
560 2548 584 2586 3
606 2547 667 2599 (of
691 2547 759 2585 his
783 2546 1176 2595 hendecasyllables)
1208 2548 1465 2585 describimus
1496 2548 1656 2596 aliquid

193 2600 305 2638 modo
324 2599 547 2648 pressius
565 2601 677 2638 modo
696 2601 857 2638 elatius.
912 2611 939 2638 v
957 2600 1008 2636 20
1026 2601 1047 2647 ἓ
1067 2599 1090 2638 6
1110 2611 1281 2647 presse
1297 2601 1482 2648 grauiter
1498 2603 1650 2638 ornate.

194 2662 252 2690 vn
273 2653 296 2691 9
316 2655 336 2700 ξ
357 2653 380 2690 8
400 2664 604 2701 pressus
632 2665 755 2691 sermo
769 2664 972 2702 purusque
992 2664 1041 2690 ex
1060 2654 1243 2701 epistulis
1258 2653 1425 2702 petitur.
1484 2651 1534 2689 12
1553 2652 1610 2701 (to
1629 2663 1653 2689 a
