1823 3000
206 243 257 284 74
516 240 806 282 HOSPITVM
843 239 1105 282 INIVRIAS.
1167 240 1362 282 MASSA.
1483 239 1588 291 [Im
1606 240 1631 282 5
1650 241 1674 282 6

283 335 312 374 1.
334 336 386 374 13
417 347 627 374 Hosmrm
654 346 838 374 INIVRIAS
867 334 950 384 obj.
979 347 1073 384 gen.
1103 335 1188 374 Cic.
1216 334 1266 374 de
1291 333 1394 383 imp.
1423 333 1501 372 Cn.
1526 333 1675 384 Pomp.

205 391 227 438 5
246 388 297 427 41
330 391 520 427 aliorum.
577 389 691 428 Caes.
716 388 756 426 b.
778 388 831 426 G.
850 400 867 425 1
887 389 937 426 30
960 391 980 437 5
1001 390 1024 426 2
1046 388 1152 426 Oud.
1179 400 1258 438 pro
1290 389 1492 426 ueteribus
1523 388 1676 426 Helue-

206 444 353 480 tiorum
387 443 493 493 (gen.
522 441 646 493 subj.)
684 440 896 479 iniuriis
937 441 1112 490 populi
1154 440 1380 478 Romani.
1437 440 1540 488 NeP.
1575 451 1621 478 11
1651 440 1676 479 5

204 497 226 542 5
246 495 268 532 1
289 497 469 544 patriae.
530 493 635 532 Gen.
656 505 699 532 rx
719 495 767 531 12
797 496 818 542 5
839 495 890 532 13
910 493 1079 532 ‘metus’
1100 505 1255 543 quoque
1276 498 1315 530 et
1336 497 1345 514 ‘
1359 491 1538 531 iniuria’
1557 498 1676 543 atque

205 549 295 586 alia
319 548 519 597 quaedam
543 548 590 585 id
613 558 736 595 yenus
766 549 826 585 sic
857 552 1189 596 utroqueuersum
1225 547 1310 584 dici
1341 551 1541 595 possunt:
1581 557 1678 584 mm

211 603 220 620 ‘
233 606 358 638 metus
379 599 569 638 hostium’
589 605 694 638 recte
714 600 868 637 dicitur
887 605 926 638 et
945 611 1034 638 cum
1053 601 1194 638 timent
1215 586 1343 637 hoste}
1363 603 1402 636 et
1424 610 1514 636 cum
1536 599 1677 637 timen-

206 658 284 692 tur.
325 654 346 701 5
368 653 417 691 16
438 657 447 674 ⁴
463 651 660 690 iniurias'
681 653 822 690 itidem
841 652 1013 690 dicimus
1040 657 1123 690 tam
1148 653 1313 690 illorum
1338 652 1410 700 qui
1436 651 1672 700 patiuntur,

205 718 328 754 quam
365 706 437 754 qui
469 706 650 754 faciunt,
692 717 867 754 quarum
902 706 1128 743 dictionum
1165 706 1347 752 exempla
1382 709 1477 742 sunt
1518 705 1678 753 facilia

207 762 387 796 inuentu.
455 758 509 795 cf.
543 758 678 805 Klotz,
713 757 981 806 Miihlmann,
1018 757 1178 806 Doring
1209 756 1253 794 h.
1290 756 1315 796 1.
1351 768 1415 804 ep.
1450 768 1494 794 11
1524 757 1575 794 32
1605 758 1626 804 5
1652 757 1677 794 2

204 812 423 860 suffuqium
449 816 524 848 aut
550 812 691 848 imbris
722 816 795 849 aut
823 812 930 849 solis,
979 810 1052 848 Ov.
1074 822 1132 847 m.
1163 821 1206 849 Π
1224 810 1300 848 255
1329 809 1474 848 Burm.
1498 809 1677 859 paelicis

204 865 283 903 ira.
321 875 367 902 so
386 863 489 902 with
506 865 574 902 ira
591 864 681 903 Liv.
704 874 730 902 v
749 864 772 901 1
792 865 811 911 5
828 865 867 903 3.
896 862 1094 901 Kiihnast
1113 862 1205 904 Liv.
1230 862 1348 912 synt.
1372 863 1434 903 73.

282 960 559 988 vonvuunns
586 959 932 987 ACCVSATIONIBVS
960 949 985 990 7
1005 950 1025 997 5
1045 948 1069 986 3
1088 947 1117 986 l.
1140 948 1189 985 12
1205 959 1248 988 n.

282 1039 312 1078 1.
347 1039 397 1078 14
437 1051 669 1078 Exsncvros
709 1038 800 1078 Liv.
834 1039 929 1078 Sen.
968 1038 1062 1078 Tae.
1099 1038 1212 1078 Suet.
1252 1038 1370 1078 Gurt.
1435 1039 1519 1078 Cic.
1550 1051 1610 1078 ac.
1642 1051 1678 1078 11

204 1095 226 1141 5
251 1095 272 1132 1
310 1092 367 1145 (of
397 1092 444 1133 L.
469 1092 683 1144 Lucullus)
714 1099 761 1131 ut
794 1095 900 1131 enim
929 1093 1142 1130 admodum
1168 1093 1402 1130 adulescens
1429 1094 1677 1143 cumfratre

199 1147 298 1196 pari
319 1147 476 1195 pietate
506 1152 544 1184 et
571 1147 779 1184 industria
800 1145 991 1195 praedito
1023 1152 1221 1194 paternas
1250 1145 1495 1184 inimicitias
1527 1157 1677 1194 maqna

204 1211 294 1237 cum
320 1200 454 1247 qloria
490 1204 548 1237 est
583 1202 902 1247 persecutus.
967 1209 1205 1236 DEFomnvs
1244 1199 1401 1246 αἴσχιον
1439 1209 1457 1236 1
1495 1199 1546 1236 23
1583 1200 1606 1246 5
1634 1199 1671 1238 2.

203 1263 284 1289 vm
315 1252 366 1289 24
395 1253 471 1299 59.
534 1251 618 1289 Cic.
650 1252 721 1290 off.
754 1263 771 1289 1
799 1252 929 1300 5137.
989 1262 1154 1289 PVBL101
1190 1261 1376 1289 Hosmrn
1404 1250 1512 1289 lexx.
1541 1250 1676 1291 under

208 1306 440 1354 hospitium,
461 1306 640 1354 publice.

283 1401 304 1448 5
330 1404 352 1439 6
380 1399 406 1439 1.
434 1399 483 1438 16
513 1410 741 1437 SVPERIORE
766 1410 1045 1438 Anvocumxn
1077 1398 1141 1447 54
1168 1396 1197 1436 l.
1217 1397 1243 1435 4
1267 1409 1311 1436 n.
1369 1397 1458 1436 The
1484 1396 1677 1447 ‘danger’

206 1452 485 1490 encountered
512 1463 529 1490 1
550 1455 572 1492 7
601 1454 622 1500 5
644 1453 667 1489 2
700 1452 823 1500 (cited
843 1454 862 1500 5
883 1454 907 1490 8
926 1452 954 1489 1.
976 1453 999 1490 5
1020 1453 1095 1499 n.).
1151 1463 1212 1489 vn
1232 1451 1281 1489 33
1302 1453 1322 1499 5
1342 1450 1460 1489 4-8.
1517 1451 1583 1490 On
1602 1451 1676 1490 the

205 1505 529 1544 condemnation
549 1505 593 1543 of
615 1506 758 1543 Massa
778 1504 1020 1543 Herennius
1042 1503 1214 1543 Senecio
1233 1503 1362 1552 urged
1382 1503 1442 1542 Pl.
1463 1506 1507 1542 to
1527 1503 1676 1553 appeal

206 1561 249 1597 to
268 1558 340 1596 the
360 1557 527 1597 consuls
546 1570 594 1596 ne
616 1559 719 1597 bona
739 1559 938 1607 dissipare
961 1561 1104 1596 sinant
1122 1569 1291 1607 quorum
1315 1569 1396 1595 esse
1415 1559 1462 1596 in
1489 1558 1675 1596 custodia

206 1612 360 1649 debent.
417 1611 480 1659 55
510 1610 636 1660 Pliny
669 1611 751 1648 ‘As
773 1611 844 1649 the
875 1612 1016 1648 senate
1045 1609 1271 1659 appointed
1298 1621 1361 1657 113,
1395 1621 1463 1648 see
1489 1609 1676 1648 whether

206 1664 312 1702 after
342 1663 415 1702 the
447 1668 590 1702 senate
621 1664 700 1702 has
730 1663 879 1712 passed
911 1666 1103 1701 sentence
1134 1675 1210 1700 our
1238 1662 1352 1700 work
1383 1662 1422 1700 is
1447 1663 1522 1701 not
1547 1661 1672 1701 over!

209 1716 403 1756 Senecio:
444 1719 568 1765 ‘your
601 1717 837 1755 connexion
870 1716 972 1754 with
1002 1716 1074 1754 the
1104 1715 1298 1765 province
1327 1715 1364 1753 is
1392 1715 1499 1763 late;
1535 1727 1606 1763 eqo
1634 1721 1674 1754 et

204 1776 325 1808 natus
344 1772 403 1808 ibi
423 1776 462 1807 et
482 1776 669 1819 quaestor
687 1772 734 1807 in
753 1782 800 1807 ea
811 1771 911 1819 fui.'
949 1771 970 1817 5
990 1768 1013 1806 6
1034 1769 1095 1807 Pl.
1121 1768 1165 1806 ‘I
1184 1767 1266 1805 will
1287 1767 1407 1806 share
1426 1767 1498 1806 the
1517 1767 1673 1814 odium,

205 1822 239 1860 if
255 1835 360 1871 your
377 1822 496 1860 mind
515 1822 551 1860 is
571 1822 692 1860 made
711 1822 796 1870 up.'
850 1824 871 1870 5
891 1825 913 1862 7
942 1822 1043 1870 they
1060 1823 1170 1859 went
1190 1823 1232 1859 to
1251 1819 1324 1859 the
1344 1821 1527 1858 consuis.
1581 1822 1674 1859 uia:-

206 1877 301 1913 dum
319 1877 646 1923 conticueramus,
672 1881 710 1913 et
729 1877 870 1913 Massa
897 1881 1060 1924 questus
1087 1875 1345 1913 Senecionem
1369 1886 1449 1912 non
1475 1875 1671 1912 aduocati

208 1929 337 1974 fidem,
356 1929 427 1966 sed
446 1930 605 1966 inimici
626 1929 942 1966 amaritudinem
956 1929 1143 1976 inplesse‚
1156 1928 1381 1975 impietatis
1401 1938 1512 1964 reum
1530 1932 1670 1975 postu-

207 1983 281 2019 lat.
336 1983 356 2029 5
376 1982 400 2019 8
431 1982 570 2019 horror
588 1983 775 2020 omniurn.
839 1993 908 2029 eqo
933 1986 1069 2018 autem
1093 1979 1273 2018 ‘uereor’
1297 1981 1478 2028 inquam,
1507 1980 1673 2017 ‘claris-

204 2035 300 2072 simi
335 2035 526 2080 consules,
568 2046 617 2072 ne
654 2034 757 2071 mihi
793 2034 934 2071 Massa
969 2034 1134 2071 silentio
1169 2044 1242 2071 suo
1273 2033 1676 2080 praeuaricationem

205 2088 408 2133 obiecerit,
433 2087 541 2135 quod
566 2099 643 2124 non
663 2091 701 2123 et
724 2098 781 2124 me
807 2098 917 2123 reum
936 2085 1198 2134 postulauit)
1253 2096 1358 2134 quae
1378 2096 1458 2122 uox
1478 2090 1517 2122 et
1533 2086 1676 2123 statim

206 2145 373 2189 excepta
391 2146 430 2177 et
449 2145 592 2188 postea
609 2141 735 2177 multo
754 2151 929 2177 sermone
950 2139 1149 2176 celebrata
1169 2143 1241 2175 est.
1296 2139 1317 2185 5
1337 2138 1360 2176 9
1388 2137 1527 2175 Nerua
1545 2140 1673 2175 wrote

206 2192 541 2240 congratulating
560 2191 632 2229 the
652 2203 738 2240 age,
769 2192 838 2230 cui
865 2192 1089 2241 exemplum
1115 2191 1189 2240 (sic
1209 2191 1315 2228 enim
1333 2191 1514 2240 scripsit)
1539 2191 1674 2229 simile

206 2247 390 2295 antiquis
410 2245 651 2293 contigisset.

283 2331 312 2370 1.
335 2332 385 2371 17
413 2341 740 2370 ooxsnnvmnm
760 2340 941 2368 verli-ms
966 2339 1124 2368 omen
1148 2339 1344 2367 mmmm
1368 2339 1477 2368 novo
1503 2338 1673 2368 vmnm·

206 2396 285 2422 TVB
313 2384 446 2422 Thuc.
466 2395 502 2422 11
520 2385 572 2423 40
600 2384 664 2431 §7
695 2382 872 2423 ShiHeto
898 2383 1148 2433 βεβαιότερος
1176 2384 1218 2421 δὲ
1245 2383 1265 2421 ὁ
1294 2383 1439 2431 δράσας
1462 2384 1535 2429 τὴν
1558 2385 1677 2432 χάριν

208 2438 327 2476 ὥστε
362 2438 674 2486 ὀφειλομένην
713 2435 769 2474 δι’
805 2438 984 2475 εὐνοίας
1021 2433 1051 2484 ᾦ
1083 2437 1225 2474 ἔδωκε
1257 2437 1436 2484 σώζειν.
1495 2435 1670 2475 Aristot.

206 2489 290 2531 eth.
313 2490 366 2529 N.
387 2501 431 2528 11
449 2491 488 2529 7.
542 2489 654 2529 Plut.
674 2488 906 2529 Flaminin.
926 2499 957 2527 1.

283 2579 312 2619 1.
337 2581 387 2619 18
414 2591 490 2618 Esr
508 2591 616 2617 num
634 2590 704 2617 ru
721 2590 995 2617 COMPARATVM
1013 2589 1349 2618 vr...szvERTAs
1372 2577 1534 2627 ‘things
1551 2576 1676 2626 being

207 2644 253 2671 so
271 2632 526 2672 constituted
543 2632 664 2678 that‚’
697 2632 751 2670 ‘it
776 2632 900 2681 being
926 2643 950 2669 a
977 2632 1057 2670 law
1082 2632 1125 2670 of
1147 2634 1296 2670 nature
1319 2631 1445 2671 that)
1500 2642 1599 2680 pan.
1621 2631 1674 2671 46

206 2688 270 2734 57
298 2697 388 2725 cum
422 2685 494 2726 ita
529 2687 872 2736 comparatum
909 2685 987 2734 sit,
1026 2687 1080 2724 ut
1117 2686 1406 2734 querantur.
1464 2695 1500 2723 11
1526 2684 1576 2724 19
1604 2687 1625 2733 5
1649 2686 1672 2724 5

1816 920 1823 944 a.
1821 883 1823 890 .
1816 834 1823 870 -ι
1814 660 1823 814 ,Α--ψ
1813 486 1823 648 mn—
