1823 3000
211 236 288 276 114
510 235 702 275 FINIRE
741 234 932 274 VITAM.
986 234 1069 276 PL.
1107 233 1221 273 AND
1257 233 1354 273 HIS
1524 232 1664 284 [vul

209 327 264 367 he
283 326 388 366 said.
442 329 463 376 5
482 328 506 367 6
536 328 644 374 Stin,
667 326 781 365 what
805 338 891 365 was
913 326 985 366 the
1007 327 1190 366 motive‘?
1218 327 1283 366 for
1309 326 1347 364 if
1369 338 1455 376 you
1482 324 1666 364 resolved

211 380 381 429 rightly,
402 392 467 418 see
498 380 595 418 here
618 392 677 417 we
705 379 759 418 sit
787 379 841 428 by
866 391 972 429 your
999 380 1088 418 side
1115 379 1197 419 and
1224 382 1437 428 cooperate
1465 378 1558 417 that
1584 390 1668 428 you

212 444 312 482 may
343 445 393 481 go
428 444 533 482 your
563 444 652 481 way
683 434 762 480 (ἵνα
799 434 992 481 ἐξέλθῃς);
1022 432 1098 470 but
1127 433 1161 470 if
1190 444 1295 480 your
1323 431 1552 470 resolution
1578 443 1665 469 was

213 485 446 534 irrational‚
470 485 628 533 change
646 485 692 523 it.
752 487 773 532 5
794 486 816 524 7
850 484 957 522 ‘One
985 484 1136 523 should
1161 484 1279 522 abide
1303 484 1358 532 by
1376 485 1490 522 one‘s
1513 483 1667 522 resolu-

214 538 354 576 tions.’
409 538 633 586 Epiktetus
653 536 755 574 with
780 536 984 586 difficulty
1002 537 1181 586 brought
1205 537 1272 574 his
1300 536 1434 574 friend
1459 539 1504 574 to
1522 547 1670 574 reason

217 593 276 639 (55
297 591 454 638 7—13)‚
474 590 549 627 but
568 589 801 638 complains
820 589 915 627 that
934 589 1074 628 others
1092 602 1195 628 were
1213 589 1460 628 intractable
1481 589 1516 640 (5
1536 590 1617 637 13).

294 675 456 701 nmssn
485 674 612 700 wrm
639 663 662 702 9
687 664 708 710 ἓ
736 662 759 701 5
787 662 816 700 1.
839 664 888 702 17
915 674 958 700 n.
987 661 1280 700 uoluntaria
1307 665 1462 700 morte
1491 660 1541 699 16
1572 663 1615 709 55
1645 663 1669 702 9

217 717 334 754 -13.
391 727 407 752 1
428 716 476 752 12
497 714 652 753 suicide
671 718 751 753 aet.
772 716 822 754 68
843 715 887 753 of
904 715 1105 753 Corellius
1123 715 1257 752 Rufus
1275 715 1329 764 by
1353 714 1583 752 starvation
1605 717 1671 762 (111

219 771 243 808 3
261 772 282 817 5
302 770 323 806 1
344 768 404 819 n.)
433 768 539 806 after
559 768 610 805 34
627 767 760 816 years’
785 767 980 816 suffering
1004 768 1112 805 from
1136 771 1246 816 gout.
1301 768 1352 805 22
1380 767 1500 805 Titus
1518 767 1670 811 Aristo,

219 823 324 860 after
360 833 385 859 a
422 821 520 869 long
556 820 713 865 fllness‚
750 820 918 869 bravely
945 820 1085 864 borne,
1125 820 1241 858 takes
1277 819 1445 858 counsel
1473 819 1574 856 with
1604 818 1673 856 his

218 873 373 912 friends
401 872 582 911 whether
600 872 634 910 it
658 884 756 920 may
773 875 848 911 not
867 873 917 910 be
935 872 1003 910 his
1021 873 1123 921 duty
1147 878 1283 922 sponte
1303 875 1412 910 exire
1432 884 1451 910 e
1471 874 1574 909 uita.
1629 883 1672 909 Π

218 928 270 964 24
297 938 322 965 a
340 925 437 974 lady
456 928 498 963 of
518 926 693 963 Comum
711 925 841 963 found
859 925 952 963 that
972 937 996 963 a
1015 925 1155 974 putrid
1173 925 1294 973 ulcer,
1324 924 1432 962 from
1450 923 1582 962 which
1600 923 1675 962 her

217 979 416 1018 husband
444 978 635 1023 suffered,
664 990 748 1015 was
775 977 986 1016 incurable
1014 982 1034 1026 5
1060 979 1084 1015 4
1113 979 1274 1016 hortata
1302 984 1360 1015 est
1386 983 1432 1015 ut
1457 983 1675 1015 moreretur

219 1044 421 1080 comesque
450 1033 541 1080 ipsa
567 1033 717 1075 mortis,
739 1032 821 1068 dux
840 1033 956 1068 inuno
983 1037 1020 1069 et
1040 1032 1259 1080 exemplum
1277 1036 1316 1068 et
1334 1032 1548 1068 necessitas
1568 1030 1672 1078 fuit.

219 1097 314 1123 nam
331 1097 371 1122 se
390 1096 480 1122 cum
504 1086 650 1121 marito
676 1085 827 1132 liyauit
853 1084 1076 1132 abiecitque
1102 1085 1148 1120 in
1168 1085 1309 1120 lacum..
1365 1083 1428 1130 55
1457 1083 1564 1130 quod
1581 1083 1671 1131 sac·

222 1144 303 1176 tum
332 1149 380 1174 ne
405 1138 506 1174 mihi
533 1138 705 1185 quidem,
736 1138 806 1184 qui
832 1138 1045 1184 municeps,
1074 1137 1157 1173 nisi
1180 1137 1362 1184 proxime
1391 1137 1577 1172 auditum
1602 1140 1673 1178 est,

219 1203 300 1229 ‘non
319 1191 418 1238 quia
436 1191 566 1226 minus
586 1190 658 1226 illo
678 1190 898 1226 clarissimo
916 1191 1061 1226 Arriae
1073 1190 1201 1237 sacto,
1225 1189 1293 1225 sed
1307 1189 1404 1236 quia
1423 1189 1552 1224 minor
1569 1188 1674 1236 ipsa.

222 1243 288 1281 On
308 1241 463 1280 suicide
483 1253 547 1278 see
567 1241 655 1278 Iuv.
677 1253 703 1277 x
723 1242 797 1280 357
818 1252 861 1278 n.
917 1240 1056 1278 Cicero
1080 1240 1288 1289 approved
1308 1240 1444 1278 Cato’s
1462 1239 1588 1277 death
1606 1237 1676 1276 off.

221 1307 239 1333 1
257 1297 278 1343 5
299 1296 374 1332 112
402 1294 520 1332 Beier
541 1293 606 1340 (cf.
631 1293 751 1331 Beier
770 1293 825 1331 ib.
846 1305 862 1330 1
882 1305 966 1331 exc.
989 1295 1038 1331 15
1058 1305 1125 1342 pp.
1151 1294 1336 1344 350—5).
1394 1293 1514 1330 Tusc.
1535 1303 1551 1329 1
1571 1295 1592 1340 5
1611 1294 1674 1332 74.

221 1348 330 1386 Plin.
350 1347 392 1386 h.
417 1359 458 1386 n.
484 1358 517 1383 11
537 1350 556 1394 5
578 1348 626 1386 27
647 1348 889 1395 inperfectae
911 1358 1003 1383 uero
1024 1348 1065 1383 in
1088 1347 1241 1383 homine
1260 1351 1431 1383 naturae
1452 1347 1677 1393 praecipua

222 1402 389 1447 solacia,
421 1411 470 1437 ne
499 1401 611 1437 deum
639 1400 800 1447 quidem
820 1411 936 1447 posse
965 1400 1112 1443 omnia,
1144 1411 1238 1435 nam
1271 1409 1357 1435 nec
1387 1397 1483 1435 sibi
1508 1400 1677 1445 potest

222 1456 431 1491 mortem
459 1452 785 1496 consciscere,
816 1452 856 1489 si
884 1451 1020 1498 uelit,
1055 1450 1185 1499 quod
1210 1450 1408 1488 homini
1435 1449 1573 1488 dedit
1600 1461 1677 1498 op-

224 1505 399 1544 timum
425 1504 477 1542 in
505 1503 668 1542 tantis
695 1504 832 1542 uitae
859 1503 1049 1552 poenis.
1105 1506 1125 1552 5
1154 1504 1228 1542 156
1263 1503 1323 1551 (of
1347 1503 1513 1540 mother
1540 1502 1675 1552 earth)

224 1560 323 1608 quin
351 1564 389 1595 et
418 1569 571 1595 uenena
598 1558 726 1594 nostri
753 1558 974 1594 miseritam
1001 1557 1224 1594 instituisse
1249 1557 1357 1594 credi
1379 1561 1523 1604 potest,
1550 1567 1599 1593 ne
1628 1555 1680 1592 in

224 1609 394 1649 taedio
434 1609 572 1647 uitae
611 1610 778 1655 fames,
821 1621 952 1646 mors
992 1611 1154 1647 terrae
1190 1608 1386 1646 meritis
1426 1607 1678 1645 alienissi-

224 1675 314 1711 ma,
354 1662 492 1700 lenta
528 1674 618 1699 nos
655 1665 970 1699 consumeret
1006 1661 1133 1699 tabe.
1186 1672 1230 1699 1v
1257 1663 1277 1709 5
1306 1662 1368 1700 89.
1426 1672 1489 1698 vn
1516 1663 1558 1708 55
1588 1661 1673 1700 122.

227 1717 316 1755 186.
372 1727 449 1753 xxv
467 1717 509 1762 55
530 1716 684 1752 23—25
708 1715 792 1763 (e.g.
819 1727 866 1752 ea
885 1715 1067 1752 condicio
1086 1716 1198 1752 uitae
1227 1719 1286 1752 est
1312 1719 1358 1751 ut
1385 1715 1484 1750 mori
1506 1715 1679 1762 pteram-

226 1781 301 1819 que
321 1770 444 1806 etiam
468 1769 628 1816 optimis
649 1773 789 1816 portus
814 1769 900 1814 sit).
956 1778 1088 1804 xxvm
1110 1769 1130 1814 5
1149 1768 1186 1806 9.
1226 1777 1352 1804 xxxvr
1371 1767 1389 1813 5
1411 1767 1499 1805 107.
1555 1765 1680 1802 Mart.

226 1833 244 1859 1
268 1823 292 1860 8
324 1819 578 1869 (commends
604 1819 813 1857 Decianus
842 1819 905 1857 for
933 1819 1132 1868 adopting
1158 1818 1230 1857 the
1256 1819 1480 1866 principles
1508 1817 1551 1856 of
1579 1817 1682 1855 Cato

227 1873 311 1912 and
331 1873 528 1919 Thrasea,
551 1871 626 1910 but
652 1877 727 1910 not
751 1871 860 1909 their
884 1871 1021 1914 death,
1046 1873 1148 1909 huuc
1174 1873 1276 1918 uolo,
1308 1872 1472 1908 laudari
1497 1871 1569 1920 qui
1595 1871 1682 1908 εἰπε

226 1932 349 1964 morte
380 1929 542 1974 potest).
599 1926 649 1962 13
678 1923 840 1976 (Arria).
898 1925 950 1962 42
985 1923 1175 1975 (Porcia).
1230 1925 1280 1963 78
1316 1924 1507 1971 indiqnas
1532 1934 1683 1972 preme-

227 1984 289 2017 ret
315 1979 442 2027 pestis
474 1989 563 2015 cum
592 1978 734 2015 tabida
754 1978 897 2025 fauces
924 1977 929 2027 1
952 1978 1072 2026 inque
1099 1989 1188 2014 suos
1223 1978 1355 2014 uoltus
1389 1981 1561 2024 serperet
1590 1980 1684 2012 atra

230 2033 325 2078 lues,
356 2029 502 2079 {siccis
534 2031 618 2078 ipse
654 2031 766 2078 yenis
789 2031 934 2078 flentes
965 2031 1146 2067 hortatus
1177 2030 1324 2066 amicos
1350 2027 1356 2080 Ι
1379 2029 1559 2066 decreuit
1590 2029 1684 2077 Sty-

227 2085 313 2132 9ios
331 2084 473 2121 Festus
492 2083 607 2120 adire
627 2083 752 2120 lacus.
778 2081 783 2133 Ι
808 2094 877 2120 nec
908 2088 1040 2120 tamen
1066 2083 1226 2119 obscuro
1247 2083 1324 2130 pia
1350 2082 1499 2130 polluit
1523 2092 1595 2118 ora
1619 2092 1685 2118 ue—

229 2147 329 2175 neno
354 2136 360 2186 Ι
382 2141 456 2173 aut
493 2136 610 2172 torsit
643 2136 752 2172 lenta
791 2136 930 2172 tristia
957 2135 1056 2183 sata
1093 2135 1233 2172 fame.
1261 2134 1470 2184 {sanctam
1503 2134 1686 2170 Romana

229 2190 361 2226 uitam
373 2188 442 2225 sed
454 2188 743 2236 mortepereyit
766 2187 771 2233 Ι
797 2188 1028 2235 dimisitque
1044 2188 1220 2224 animam
1232 2187 1425 2224 nobiliore
1440 2186 1526 2222 uia.
1552 2187 1559 2236 1
1583 2186 1686 2222 hanc

229 2247 391 2280 mortem
426 2241 534 2289 fatis
570 2240 707 2287 πιαρηί
744 2240 952 2289 praeferre
993 2240 1158 2277 Catonis
1185 2238 1189 2288 Ι
1205 2240 1323 2288 sama
1360 2243 1518 2288 potest.-
1568 2238 1687 2275 huius

234 2295 387 2332 Caesar
413 2293 564 2330 amicus
593 2297 694 2330 erat.
749 2303 784 2329 11
804 2292 868 2329 80.
923 2303 975 2328 111
1001 2293 1051 2328 22
1082 2290 1278 2340 (Apicius,
1298 2290 1351 2328 cf.
1375 2291 1469 2329 Sen.
1489 2289 1542 2328 ad
1559 2288 1686 2327 Helu.

233 2347 283 2383 10
311 2347 332 2393 5
365 2346 388 2384 9
423 2346 538 2382 uelut
566 2346 613 2382 in
639 2345 787 2382 ultima
813 2345 926 2393 same
958 2345 1152 2391 uicturus,
1188 2345 1224 2381 si
1255 2345 1300 2381 in
1327 2345 1510 2381 sestertio
1538 2343 1687 2380 centies

230 2400 413 2444 uixisset,
437 2409 586 2435 ueneno
611 2396 770 2434 uitam
795 2395 1004 2444 finiuit).
1060 2407 1103 2433 vr
1121 2397 1184 2434 32.
1209 2407 1253 2433 11
1272 2395 1322 2434 56
1343 2394 1383 2445 (a
1404 2395 1516 2433 Stoic
1533 2405 1689 2443 pauper

232 2449 419 2499 praising
453 2448 608 2499 death).
668 2448 842 2496 Quintil.
864 2460 908 2485 1x
944 2450 1014 2496 25
1052 2448 1117 2486 86.
1174 2448 1270 2487 Tac.
1303 2460 1403 2486 ann.
1429 2459 1447 2484 1
1483 2448 1521 2485 5.
1568 2457 1603 2484 11
1638 2446 1690 2484 63

234 2501 531 2552 (Maroboduus
569 2501 782 2539 remained
823 2502 873 2538 18
908 2513 1027 2549 years
1068 2501 1115 2538 in
1151 2500 1367 2545 Rauenna,
1404 2500 1689 2548 consenuitque

232 2557 400 2593 multum
422 2556 638 2592 imminuta
664 2555 853 2592 claritate
881 2555 928 2591 ob
954 2554 1122 2592 nimiam
1145 2555 1314 2591 uiuendi
1339 2553 1598 2601 cupidinem).
1647 2562 1692 2588 1v

236 2607 286 2645 10
304 2607 331 2645 f.
375 2608 422 2646 19
442 2607 472 2644 f.
511 2607 574 2644 28.
604 2607 670 2644 30.
699 2608 748 2644 35
778 2606 952 2655 (uitam
987 2605 1301 2644 abstinentia
1337 2603 1541 2655 finiuit).
1583 2603 1635 2641 45
1658 2602 1688 2640 f.

236 2658 360 2709 (cited
395 2670 451 2697 on
485 2659 534 2698 16
562 2659 584 2706 ἓ
617 2659 697 2709 12).
727 2658 792 2696 50.
820 2670 847 2697 v
875 2660 912 2699 7.
939 2669 984 2696 Ἦ
1011 2659 1049 2698 9.
1079 2659 1142 2696 14.
1165 2659 1226 2698 18.
1261 2659 1310 2696 23
1339 2658 1436 2707 (Aa).
1470 2657 1521 2695 33
1552 2656 1692 2694 Asinii
