1823 3000
175 259 202 298 6
765 256 868 301 1111
929 258 1040 302 3-7

175 373 296 414 cum,
343 361 401 403 ut
442 358 582 404 darer
623 359 999 419 prouincialibus
1049 362 1293 420 patronus,
1341 357 1383 402 si
1432 357 1493 402 ab
1538 356 1643 418 ipso

133 465 152 493 4
174 453 251 483 me
295 438 643 499 impetrassent.
715 439 862 499 legati
906 455 1071 484 rursus
1116 438 1303 483 inducti
1342 438 1520 482 iterum
1567 452 1644 482 me

176 517 275 562 iam
298 523 597 578 praesentem
622 518 906 564 aduocatum
941 519 1323 579 postulauerunt,
1349 517 1646 577 inplorantes

175 597 318 642 fidem
354 613 523 656 meam,
566 614 710 658 quam
750 603 909 644 essent
947 603 1115 643 contra
1155 597 1367 642 Massam
1410 596 1646 641 Baebium

176 677 378 736 experti,
405 677 682 737 adlegantes
705 676 942 738 patrocini
963 676 1146 722 foedus.
1218 680 1380 721 secuta
1403 680 1476 720 est
1511 690 1644 720 sena·
1702 672 1729 716 5

174 761 256 801 tus
280 756 543 802 clarissima
566 757 797 812 adsensio,
824 772 945 817 quae
969 757 1090 802 solet
1114 757 1303 801 decreta
1326 770 1642 816 praecurrere.

175 840 282 878 tum
319 850 405 895 ego
439 838 451 860 ‘
469 835 660 880 desino'
696 834 906 895 inquam,
944 838 1132 894 ‘patres
1166 832 1435 893 conscripti,
1475 837 1647 892 putare

175 933 253 962 me
297 917 450 963 iustas
490 918 813 964 excusationis
850 933 1016 963 causas
1057 917 1277 961 attulisse
1291 915 1315 962 ’.
1376 915 1559 975 placuit
1598 920 1648 960 et

135 1017 153 1045 5
176 996 411 1042 modestia
434 998 665 1043 sermonis
684 1002 732 1042 et
755 998 891 1042 ratio.
947 996 1163 1056 conpulit
1185 987 1347 1042 autern
1373 1013 1450 1042 me
1476 997 1537 1043 ad
1559 997 1649 1042 hoc

178 1076 431 1122 consilium
445 1093 544 1121 non
568 1077 721 1122 solum
745 1092 1002 1122 consensus
1026 1081 1234 1132 senatus,
1261 1093 1552 1137 quamquam
1570 1075 1649 1121 hic
1677 1073 1734 1117 lO

178 1157 401 1215 maxime,
439 1173 611 1202 uerum
648 1162 697 1202 et
742 1157 826 1201 alii
871 1156 1067 1216 quidam
1112 1155 1321 1200 minores
1366 1155 1449 1201 sed
1484 1160 1649 1201 tamen

178 1237 378 1281 numeri.
449 1237 674 1282 ueniebat
719 1236 772 1281 in
809 1241 1019 1280 mentem
1056 1235 1237 1295 priores
1274 1240 1463 1281 nostros
1503 1235 1651 1281 etiam

178 1313 477 1373 singulorum
503 1313 747 1374 hospitum
773 1313 976 1358 iniurias
1016 1312 1305 1358 uoluntariis
1336 1313 1651 1359 accusationi-

179 1390 270 1435 bus
303 1397 582 1450 exsecutos3
618 1407 712 1453 quo
742 1392 1002 1436 deformius
1036 1390 1306 1435 arbitrabar
1338 1391 1519 1452 publici
1546 1392 1650 1437 hos-

138 1490 157 1520 6
179 1469 290 1529 pitii
312 1470 420 1515 iura
441 1471 701 1531 neglegere.
772 1476 1018 1531 praeterea
1043 1486 1151 1515 cum
1175 1470 1448 1516 recordarer
1470 1475 1652 1531 quanta
1678 1467 1734 1511 15

179 1565 266 1610 pro
289 1550 441 1595 isdem
476 1551 688 1596 Baeticis
724 1551 967 1612 superiore
1008 1550 1323 1596 aduocatione
1353 1551 1497 1595 etiam
1533 1551 1653 1610 peri·

179 1632 288 1677 cula
326 1632 572 1690 subissem,
608 1631 990 1676 conseruandum
1029 1630 1208 1675 ueteris
1247 1630 1388 1675 officii
1426 1630 1652 1674 meritum

178 1727 306 1756 nouo
337 1710 606 1756 uidebatur.
679 1715 752 1755 est
792 1710 922 1755 enim
960 1710 1032 1754 ita
1073 1714 1399 1769 comparatum
1440 1713 1497 1753 ut
1532 1709 1654 1753 anti-

179 1789 350 1849 quiora
387 1789 618 1834 beneficia
654 1789 919 1844 subuertas,
950 1788 1044 1833 nisi
1079 1788 1163 1832 illa
1199 1787 1541 1848 posterioribus
1578 1804 1653 1832 cu-

179 1868 364 1914 mules:
409 1884 520 1912 nam
559 1868 825 1927 quamlibet
865 1883 1002 1928 saepe
1033 1867 1245 1927 obligati,
1281 1866 1321 1911 si
1355 1866 1471 1926 quid
1501 1882 1653 1912 unum
1678 1867 1737 1912 20

180 1961 337 2006 neges,
386 1945 474 1991 hoc
531 1946 686 1991 solum
742 1945 1067 1990 meminerunt
1124 1945 1251 2005 quod
1296 1952 1526 2005 negatum
1565 1950 1650 1991 est.

139 2047 157 2077 7
180 2026 388 2071 ducebar
427 2026 574 2071 etiam
613 2025 740 2086 quod
775 2025 1038 2070 decesserat
1070 2025 1306 2070 Classicus
1343 2029 1653 2085 amotumque

180 2110 297 2162 erat,
324 2105 452 2167 quod
475 2105 528 2150 in
558 2105 660 2150 eius
684 2104 813 2150 modi
838 2104 992 2149 causis
1027 2104 1147 2149 solet
1171 2119 1271 2149 esse
1304 2103 1650 2161 tristissimum,

261 2244 285 2282 5
313 2243 520 2292 patrocini
547 2246 658 2282 MV'D
837 2243 859 2281 7
889 2254 928 2291 p.
945 2253 979 2280 c.
1008 2244 1155 2290 putare
1183 2245 1378 2288 Mvnpra
1404 2245 1596 2290 reputare
1624 2245 1654 2280 F

180 2314 373 2352 Riccard.
458 2312 507 2349 11
536 2310 609 2349 alii
630 2309 702 2359 (ali
730 2310 779 2361 D)
810 2308 979 2357 quidam
1008 2308 1192 2346 minores
1223 2307 1293 2345 sed
1322 2310 1466 2346 tamen
1489 2307 1654 2345 numeri

181 2385 244 2426 Dp
290 2379 364 2418 alii
383 2378 553 2427 quidam
571 2377 756 2416 minores
776 2376 846 2415 sed
874 2378 961 2414 tam
987 2377 1143 2426 (tamen
1171 2381 1246 2424 τέ’)
1279 2374 1491 2412 innumeri
1517 2379 1656 2414 MVrS·

183 2445 256 2484 alii
284 2445 454 2493 quidem
481 2443 659 2482 minoris
690 2442 761 2481 sed
789 2446 933 2481 tamen
959 2441 1125 2480 numeri
1152 2445 1209 2480 Fa
1246 2441 1318 2479 alii
1354 2442 1538 2480 minores
1567 2442 1654 2491 qui-

183 2512 278 2549 dem
307 2510 379 2548 sed
411 2515 554 2548 tamen
586 2508 751 2547 numeri
787 2510 853 2546 uel
886 2507 968 2546 alia
1001 2506 1177 2544 minoris
1211 2507 1380 2555 quidem
1411 2507 1482 2545 sed
1513 2509 1655 2546 tamen

182 2577 348 2616 numeri
378 2578 550 2615 Casaub.
669 2576 718 2613 14
746 2574 904 2624 hospiti
933 2578 1043 2613 MVD
1071 2573 1195 2612 officii
1221 2585 1250 2621 p
1364 2575 1414 2613 16
1443 2574 1655 2623 superiore

182 2647 334 2683 MVDS‘
350 2643 485 2691 priore
504 2646 585 2681 Fra
611 2641 724 2690 prior
751 2652 780 2688 p
863 2642 911 2679 18
939 2642 1090 2678 natura
1113 2642 1403 2688 comparatum
1429 2642 1654 2679 sichardus

184 2716 223 2748 et
241 2709 329 2747 cod.
349 2708 484 2746 Medii
503 2713 671 2746 nonant.
696 2709 784 2746 lect.
811 2707 886 2746 107
994 2706 1046 2743 20
1074 2705 1271 2754 obligatis
1292 2707 1377 2744 cod.
1402 2706 1538 2744 Modii
