1823 3000
207 234 258 273 84
469 231 626 270 DVBH
663 230 957 272 SERMONIS.
1018 231 1121 271 SVB
1158 230 1401 272 NERONE.
1566 230 1620 280 [V
1641 231 1664 270 5

207 331 270 364 tor
288 327 371 375 ipse
392 325 673 375 informandus
694 329 763 364 est.
824 335 841 362 1
861 325 883 362 1
902 326 924 372 ξ
943 324 966 361 1
985 323 1132 373 begins
1151 323 1254 362 with
1272 323 1345 363 the
1364 322 1502 362 birth:
1536 325 1667 373 iqitur

205 383 301 417 nato
320 379 430 428 filio.
484 389 546 439 ’.ΑΗ
566 378 615 415 11
645 378 734 436 §25
765 382 810 415 at
835 377 1084 426 perficere
1113 382 1269 415 tantum
1297 389 1394 425 opus
1427 377 1600 436 arduum
1627 381 1667 414 et

204 431 442 521 ΖΞἚἭΕἯ
440 436 611 522 3535...ss
613 429 800 521 2213le
803 430 1068 531 inuiti.
1074 430 1550 530 '‘5133555332223222‘mss
1557 440 1666 520 2²32:

205 547 295 574 nem
315 542 633 586 praeceptorum.
689 537 792 574 orat.
823 534 915 582 §42
946 547 1027 573 non
1055 536 1235 573 alienum
1251 535 1342 584 fuit
1372 535 1420 571 de
1450 533 1668 572 oratoris

207 587 352 636 quasi
400 586 729 626 incunabulis
776 588 920 625 dicere.
989 588 1240 626 incunabula
1275 586 1458 634 metaph.
1497 586 1586 624 also
1621 585 1669 624 in

205 640 311 732 {232⁶
333 653 430 690 pan.
452 641 502 678 14
521 652 580 689 pr.
637 639 794 678 Minue.
816 641 866 679 25
885 641 906 688 ς
926 639 964 678 1.
1019 639 1274 678 Miihlmann
1300 639 1377 678 has
1403 640 1426 677 5
1448 651 1537 677 exx.
1559 638 1669 677 from

288 706 344 733 m.

283 782 312 819 1.
334 783 357 820 3
385 793 501 819 nvssn
522 792 728 819 sermome
754 779 799 818 h.
819 792 861 820 n.
885 791 946 829 pr.
967 782 987 828 ξ
1008 781 1057 818 28
1077 791 1147 828 eqo
1166 781 1293 828 plane
1312 779 1409 817 meis
1429 779 1541 817 adici
1556 790 1670 828 posse

205 837 334 874 multa
362 836 562 884 confiteor,
593 846 666 872 nec
687 835 750 871 liis
768 834 879 879 solis,
899 834 968 871 sed
987 838 1024 871 et
1043 834 1223 872 omnibus
1253 844 1348 881 quos
1376 833 1503 877 edidi,
1522 837 1570 869 ut
1588 832 1671 870 obi-

208 894 268 926 ter
297 900 461 926 caueam
493 889 590 925 istos
625 887 1257 934 Homeromastiyas,...quonia-m
1289 886 1414 922 audio
1447 890 1487 922 et
1515 885 1670 923 Stoicos

206 946 246 980 et
275 942 526 985 dianetum,
557 941 780 989 Epicureos
815 951 969 988 quoque
1003 938 1111 989 (nam
1134 939 1181 976 de
1213 939 1490 987 yrammaticis
1520 948 1672 985 semper

208 995 435 1042 expectaui)
461 994 669 1042 parturire
704 993 900 1030 aduersus
934 992 1090 1030 libellos
1124 1002 1219 1039 quos
1257 992 1304 1028 de
1341 988 1673 1038 grammatica

207 1047 333 1094 edidi,
359 1052 397 1085 et
424 1046 592 1084 subinde
622 1046 783 1083 abortus
804 1045 943 1094 facere
967 1046 1051 1082 iam
1074 1045 1204 1082 decem
1226 1045 1361 1088 annis,
1385 1055 1474 1081 cum
1501 1043 1671 1081 celerius

207 1102 330 1138 etiam
357 1100 565 1148 elephanti
587 1100 772 1148 pariant.
830 1097 918 1146 The
937 1096 1052 1134 work
1073 1095 1236 1134 treated
1255 1095 1298 1133 of
1327 1094 1498 1141 sounds,
1525 1093 1671 1132 inflex-

206 1151 313 1198 ions,
341 1152 578 1201 etymology
597 1150 681 1189 and
699 1150 772 1188 the
791 1152 907 1199 parts
928 1149 972 1187 os
998 1147 1163 1198 speech,
1193 1147 1276 1186 and
1295 1148 1333 1186 is
1353 1149 1471 1185 often
1490 1147 1601 1186 cited
1617 1146 1673 1196 by

206 1205 280 1244 the
299 1204 617 1254 gramma1·ians‚
640 1215 725 1252 esp.
749 1201 976 1241 Charisius.
1034 1200 1162 1239 Prisc.
1186 1212 1229 1239 Vr
1247 1202 1299 1238 44
1327 1201 1494 1239 Plinius
1521 1201 1670 1239 Secun-
1694 1200 1699 1204 ”

207 1259 282 1296 dus
314 1260 361 1296 in
386 1259 414 1295 I
441 1259 604 1295 artium.
660 1257 711 1294 48
739 1257 788 1295 P.
822 1257 863 1294 S.
896 1257 942 1293 in
969 1255 999 1293 I
1026 1256 1128 1292 artis
1158 1256 1459 1302 yrammaticae.
1514 1252 1672 1291 Lersch

209 1310 474 1360 Sprachphil.
508 1309 545 1348 d.
582 1309 708 1347 Alten
745 1320 762 1346 1
796 1309 872 1346 150
903 1319 988 1356 seq.
1045 1306 1150 1344 Alfr.
1192 1306 1494 1345 Schottmiiller
1531 1304 1582 1343 de
1621 1305 1666 1345 C.

206 1363 319 1402 Plini
341 1362 520 1402 Secundi
547 1361 665 1400 libris
693 1360 980 1409 grammaticis
1007 1359 1214 1408 particula
1239 1359 1376 1407 prima
1403 1359 1528 1396 Bonn
1556 1358 1671 1396 1858.

205 1416 255 1456 D.
281 1417 496 1454 Detlefsen
515 1427 590 1453 zur
611 1415 643 1451 F
647 1413 924 1452 lexionslehre
945 1413 1017 1451 des
1039 1412 1175 1450 {iltern
1201 1411 1377 1458 Plinius,
1407 1412 1454 1449 in
1476 1410 1673 1460 Symbola

205 1469 349 1519 philol.
389 1470 523 1508 Bonn.
569 1467 792 1508 697—714.
862 1465 1100 1505 Brambach
1147 1465 1221 1504 lat.
1260 1464 1443 1514 orthogr.
1496 1466 1545 1505 37
1584 1475 1671 1512 seq.

207 1522 420 1562 TEUFFEL.

287 1614 359 1640 sve
387 1612 558 1638 xenos-E
588 1602 611 1640 7
631 1602 673 1648 ἓξ
693 1601 770 1639 3n.
790 1598 935 1650 (Silius
949 1597 1122 1636 Italicus
1139 1610 1193 1637 an
1206 1595 1403 1648 accuser).
1432 1598 1455 1637 7
1472 1607 1515 1634 n.
1534 1596 1595 1634 11.
1613 1607 1630 1634 1
1649 1596 1673 1635 5

207 1657 249 1704 ἓξ
270 1656 308 1693 1.
330 1656 354 1693 3
377 1654 574 1706 (Regulus
596 1665 650 1691 an
671 1653 868 1703 accuser).
925 1663 968 1689 1v
987 1653 1011 1691 9
1031 1653 1052 1699 ἓ
1074 1653 1095 1688 1
1123 1652 1195 1689 sub
1228 1651 1487 1700 Vespasiano.
1542 1660 1604 1688 v11
1623 1650 1673 1690 27

206 1709 311 1756 §14
367 1719 411 1746 Π
442 1708 490 1745 13
522 1707 626 1754 523.
687 1708 781 1744 acta
814 1717 896 1742 soc.
926 1703 1073 1753 philol.
1107 1704 1221 1752 Lips.
1261 1714 1278 1741 1
1305 1703 1398 1748 409,
1424 1702 1516 1741 410.
1575 1702 1671 1740 Tac.

206 1762 303 1810 Agr.
325 1761 348 1800 6
376 1763 507 1810 ipsum
540 1761 665 1797 etiam
696 1760 927 1796 tribunatus
959 1769 1110 1795 annum
1139 1758 1271 1806 quiete
1305 1761 1344 1794 et
1372 1757 1454 1794 otio
1488 1757 1668 1803 transiit,

206 1825 392 1863 gnarus
433 1812 522 1851 sub
559 1812 753 1850 Nerone
795 1813 1089 1859 temporum,
1131 1808 1315 1858 quibus
1356 1807 1546 1846 inertia
1586 1819 1674 1858 pro

208 1865 462 1916 sapientia
491 1864 603 1904 fuit.

285 1955 520 1982 xowssrms
551 1954 619 1981 see
651 1942 769 1981 Varr.
805 1941 851 1980 in
877 1943 986 1980 lexx.
1019 1941 1123 1992 (also
1150 1940 1177 1982 1.
1201 1940 1229 1980 1.
1259 1952 1303 1978 rx
1329 1941 1421 1988 §73
1456 1938 1673 1978 nouissi-

207 2009 337 2036 mum
364 2009 517 2046 uesper.
557 2008 588 2035 r.
613 2008 646 2033 r.
669 2007 686 2033 1
706 1997 728 2033 2
749 1997 769 2043 ξ
790 1996 839 2033 11
868 1997 912 2034 -i
938 1994 1165 2046 curriculi).
1212 1994 1315 2032 Aen.
1337 2005 1381 2031 xx
1411 1993 1502 2031 825.
1551 1993 1671 2041 Cypr.

206 2050 347 2142 {3549
374 2049 525 2088 Hartel
549 2050 595 2087 in
622 2062 671 2088 -ο,
731 2048 842 2087 Iren.
862 2060 906 2087 1v
925 2049 976 2088 36
997 2049 1015 2096 ἓ
1034 2048 1057 2086 3
1078 2047 1107 2086 s.
1164 2047 1246 2086 Cic.
1273 2045 1357 2085 and
1375 2046 1482 2084 Gell.
1508 2045 1556 2084 in
1575 2046 1672 2084 For-

285 2189 314 2228 1.
337 2190 361 2228 3
380 2189 405 2226 4
432 2200 669 2227 xovrssnns
700 2199 824 2226 ANNIS
862 2187 948 2226 AV.
983 2187 1100 2226 Caes.
1134 2187 1158 2225 5
1195 2188 1216 2234 ἓ
1245 2187 1268 2224 2
1301 2187 1670 2235 quinquennium...

209 2248 345 2281 tantus
366 2243 469 2292 suit,
496 2243 683 2291 auyenda
701 2242 794 2279 urbe
813 2243 998 2286 maxime,
1025 2242 1096 2282 uti,
1114 2242 1255 2278 ‘merito
1278 2241 1484 2277 Traianus
1511 2240 1674 2288 saepius

209 2302 439 2341 testaretur,
476 2294 655 2343 procul
683 2293 894 2332 differre
923 2295 1131 2331 cunctos
1172 2292 1432 2341 principes
1461 2290 1674 2330 Neronis

209 2348 566 2397 quinquennio,
594 2359 619 2385 a
638 2347 784 2395 saying
802 2345 939 2384 which
963 2348 1080 2383 must
1105 2345 1210 2383 have
1234 2345 1339 2382 been
1365 2345 1516 2383 known
1547 2346 1592 2382 to
1610 2343 1673 2381 Pl.

209 2401 292 2440 and
303 2400 381 2438 has
400 2400 569 2438 become
588 2398 831 2449 proverbial.
860 2399 917 2436 As
931 2401 1067 2447 stages
1080 2398 1124 2436 of
1136 2398 1203 2435 his
1217 2398 1290 2436 fall
1307 2397 1402 2436 Tac.
1416 2399 1537 2435 notes
1552 2395 1588 2448 1)
1602 2395 1675 2435 the

208 2453 392 2502 intrigue
419 2453 518 2490 with
539 2453 732 2501 Poppaea
762 2451 858 2503 (Aa).
879 2450 943 2504 58)
974 2463 1054 2489 1111
1078 2452 1128 2489 45
1157 2464 1240 2489 non
1266 2453 1398 2489 minus
1426 2451 1603 2498 insignis
1631 2461 1674 2487 eo

210 2518 315 2544 anno
336 2507 586 2555 inpudicitia
605 2517 838 2554 magnorum
858 2506 919 2542 rei
943 2505 1131 2554 publicae
1156 2506 1352 2542 malorum
1369 2503 1534 2541 initium
1552 2502 1670 2552 fecit.

210 2560 252 2607 2)
280 2558 353 2596 the
372 2558 542 2596 murder
570 2558 614 2596 of
639 2557 869 2606 Agrippina
899 2556 994 2609 (ΑΛ).
1015 2556 1079 2608 59)
1109 2568 1181 2594 xrv
1201 2558 1250 2594 13
1270 2556 1301 2594 f.
1329 2567 1447 2605 seque
1473 2557 1519 2592 in
1543 2566 1675 2593 omnes

212 2612 402 2650 libidines
425 2612 583 2660 effudit,
606 2624 705 2660 quas
727 2612 828 2649 male
856 2612 1052 2648 coercitas
1079 2610 1381 2659 qualiscumque
1401 2609 1545 2646 matris
1563 2618 1673 2646 ‘reue-

210 2665 347 2703 rentia
376 2665 626 2703 tardauerat.
683 2663 723 2715 3)
763 2663 859 2714 (Aa).
891 2662 958 2715 62)
994 2673 1066 2702 xlv
1087 2663 1138 2702 51
1171 2661 1298 2701 death
1330 2661 1376 2700 of
1402 2661 1562 2700 Burrus
1591 2658 1676 2699 and
