1823 3000
154 209 208 249 28
417 240 422 244 .
749 210 863 253 XVI
925 214 1038 254 3—ss

152 306 346 366 Paetus,
367 309 573 354 maritus
597 309 713 367 eius,
739 311 1019 370 aegrotabat
1043 316 1092 357 et
1115 311 1257 369 filius,
1279 315 1486 371 uterque
1509 324 1632 355 mor-

152 384 306 442 tifere,
347 391 404 431 ut
440 387 720 434 uidebatur:
755 389 885 435 filius
922 390 1125 437 decessit
1162 390 1339 436 eximia
1370 388 1635 450 pulchritu-

150 463 276 522 dine,
303 465 410 526 pari
426 467 727 523 uerecundia,
756 473 804 513 et
827 471 1109 528 parentibus
1133 486 1232 515 non
1267 470 1429 514 minus
1453 468 1513 514 ob
1536 468 1633 514 alia

111 561 131 590 4
153 560 302 601 carus,
341 561 486 606 quam
535 547 664 607 quod
712 549 841 594 filius
890 555 1006 596 erat.
1092 550 1204 596 huic
1238 551 1324 595 illa
1368 550 1440 595 ita
1486 551 1633 595 funus

151 624 356 684 parauit,
384 625 454 670 ita
473 626 614 671 duxit
639 629 880 688 exequias,
902 636 958 674 ut
981 629 1226 689 ignoraret
1249 631 1477 676 maritus:
1513 631 1633 690 quin
1690 628 1717 673 5

151 703 312 763 11111110,
340 705 561 765 quotiens
595 708 868 754 cubiculum
895 709 998 755 eius
1035 710 1257 767 intraret,
1287 710 1451 756 uiuere
1476 710 1633 754 filium

153 787 298 843 atque
323 785 470 828 etiam
494 784 863 831 commodiorem
889 803 989 832 esse
1014 788 1289 847 simulabat,
1317 804 1372 833 ac
1406 803 1634 849 persaepe

152 862 474 924 interroganti
498 865 615 925 quid
638 871 803 926 ageret
837 883 956 927 puer
979 868 1300 929 respondebat
1332 873 1344 894 ‘
1359 869 1481 914 bene
1505 869 1634 929 quie-

155 942 242 999 uit,
284 943 494 989 libenter
533 945 699 992 ‚cibum
747 947 983 1007 sumpsit.'
1066 948 1251 1004 deinde,
1291 963 1400 993 cum
1438 948 1522 993 diu
1563 963 1634 994 co-

153 1022 340 1068 hibitae
373 1023 598 1070 lacrimae
632 1025 884 1072 uincerent
916 1032 1392 1088 prorumperentque‚
1428 1027 1634 1088 egredie-
1662 1023 1720 1068 10

154 1102 331 1150 batur:
385 1108 503 1148 tunc
549 1120 599 1150 se
641 1105 794 1150 dolori
840 1106 1020 1152 dabat:
1080 1106 1258 1151 satiata
1304 1106 1440 1152 siccis
1486 1105 1635 1151 oculis

155 1182 418 1242 composito
463 1183 608 1228 uultu
655 1184 859 1242 redibat,
909 1190 1160 1245 tamquam
1211 1186 1469 1231 orbitatem
1516 1185 1636 1230 foris

156 1261 441 1322 reliquisset.
513 1264 812 1323 praeclarum
837 1265 1031 1326 quidem
1059 1265 1178 1311 illud
1202 1267 1428 1324 eiusdem,
1452 1266 1635 1312 ferrum

155 1343 405 1404 stringere,
432 1344 680 1404 perfodere
714 1351 894 1406 pectus,
933 1347 1187 1393 extrahere
1222 1347 1495 1408 pugionem,
1531 1363 1636 1408 por-

155 1421 310 1481 rigere
358 1422 547 1478 marito,
591 1423 763 1469 addere
809 1441 976 1470 uocem
1022 1425 1346 1471 immortalem
1391 1442 1446 1471 ac
1485 1441 1636 1486 paene
1664 1425 1720 1470 15
1778 1439 1781 1441 ’

156 1501 372 1545 diuinam
402 1500 589 1558 ‘Paete,
618 1517 716 1547 non
751 1502 910 1548 dolet.'
979 1504 1060 1549 sed
1093 1510 1258 1549 tamen
1291 1505 1388 1550 ista
1421 1503 1634 1561 facienti,

155 1579 250 1624 ista
284 1580 465 1624 dicenti
498 1581 652 1641 gloria
686 1587 735 1627 et
780 1584 1044 1629 aeternitas
1090 1590 1204 1630 ante
1255 1585 1415 1630 oculos
1466 1589 1634 1630 erant:

156 1675 251 1719 quo
286 1660 442 1705 maius
484 1666 557 1705 est
591 1661 695 1705 sine
730 1663 944 1722 praemio
990 1663 1307 1720 aeternitatis,
1358 1662 1461 1707 sine
1505 1676 1637 1722 prae-

156 1739 253 1784 mio
298 1739 479 1800 gloriae
531 1741 704 1786 abdere
750 1741 985 1800 lacrimas,
1025 1743 1211 1804 operire
1263 1743 1462 1799 luctum,
1499 1742 1637 1787 amis-

156 1834 303 1879 soque
340 1818 439 1864 filio
474 1824 676 1864 matrem
713 1821 872 1866 adhuc
899 1837 1052 1882 agere.
1127 1821 1471 1867 Scribonianus
1502 1836 1638 1866 arma
1662 1821 1723 1866 20

155 1898 207 1942 111
253 1897 451 1958 Illyrico
497 1905 665 1943 contra
708 1899 966 1946 Claudium
1001 1906 1252 1946 mouerat:
1310 1901 1470 1946 fuerat
1518 1899 1637 1945 Pae-

155 1982 236 2022 tus
270 1976 323 2021 in
367 1977 588 2037 partibus
620 1982 669 2022 et
706 1979 858 2023 occiso
898 1979 1212 2025 Scriboniano
1246 1979 1455 2024 Romam
1478 1978 1637 2023 trahe-

157 2056 314 2103 batur.
385 2062 489 2101 erat
525 2073 809 2104 ascensurus
837 2076 1044 2106 nauem:
1082 2059 1232 2104 Arria
1254 2059 1434 2104 milites
1469 2059 1638 2104 orabat

156 2141 213 2181 ut
253 2136 398 2181 simul
444 2137 770 2197 inponeretur.
858 2143 1061 2200 ‘nempe
1112 2139 1267 2184 enim'
1319 2139 1481 2200 inquit
1531 2139 1637 2184 ‘da-

156 2217 258 2261 turi
303 2217 419 2261 estis
465 2217 707 2262 consulari
761 2219 867 2264 uiro
918 2219 1130 2264 seruolos
1177 2219 1376 2279 aliquos,
1432 2235 1636 2281 quorum
1663 2225 1722 2271 25

156 2312 181 2341 e
221 2311 370 2340 manu
411 2296 572 2341 cibum
609 2296 780 2357 capiat,
818 2312 848 2341 a
885 2297 1061 2358 quibus
1095 2298 1350 2355 uestiatur,
1398 2313 1427 2343 a
1462 2297 1638 2358 quibus

237 2415 286 2452 11
315 2417 417 2453 tunc
445 2418 624 2454 MVDS‘a
678 2418 771 2454 tum
789 2418 847 2462 Pp
901 2418 1045 2454 tamen
1064 2427 1088 2454 r
1280 2416 1329 2453 12
1358 2415 1543 2454 rediebat
1561 2419 1640 2455 MV

298 2481 347 2520 16
385 2480 468 2519 ista
505 2481 677 2520 facienti
715 2481 797 2520 ista
835 2481 989 2520 dicenti
1025 2485 1136 2521 MV'D
1164 2481 1246 2520 ista
1275 2481 1448 2520 facienti
1483 2480 1639 2520 dicenti

155 2549 242 2593 Fpa
349 2545 431 2584 ista
450 2545 623 2585 facienti
642 2545 878 2594 dicentique
896 2553 960 2586 rs‘·
1001 2557 1005 2560 ’
1122 2548 1170 2585 18
1199 2548 1297 2597 quo]
1327 2547 1437 2596 quod
1454 2550 1533 2587 MV

157 2614 208 2651 24
236 2612 384 2661 inquid
402 2616 510 2653 MV?
723 2614 773 2652 25
802 2614 986 2652 seruolos
1005 2617 1083 2653 MV
