1823 3000
116 597 154 626 15

172 247 224 286 14
675 239 772 284 VII
832 241 1068 286 14—V111
1125 243 1154 285 4

177 342 336 388 futilis
380 346 430 388 et
466 341 646 400 caduci,
689 342 731 388 si
774 358 872 388 non
918 343 1063 389 datur
1111 343 1253 389 factis
1300 341 1434 406 (nam
1477 343 1653 389 horum

176 420 381 466 materia
403 420 456 465 in
487 420 647 465 aliena
681 420 867 481 manu),
899 428 1028 467 certe
1059 422 1232 468 studiis
1263 421 1576 483 proferamus,
1602 426 1653 467 et

177 504 417 559 quatenus
466 498 604 544 nobis
650 498 918 558 denegatur
963 500 1048 545 diu
1092 500 1274 558 uiuere,
1324 499 1652 560 relinquamus

177 578 361 638 aliquid.
384 593 479 638 quo
496 593 584 622 nos
607 577 789 622 uixisse
813 582 1061 625 testemur.
1133 579 1229 624 scio
1252 583 1302 624 te
1326 577 1535 623 stimulis
1553 592 1652 623 non

176 673 313 718 egere
332 674 345 715 3
382 673 458 703 me
481 661 645 702 tamen
669 656 744 702 tui
768 657 944 703 caritas
967 664 1138 704 euocat
1160 664 1217 704 111
1241 664 1515 704 currentem
1539 675 1652 720 quo·
1707 661 1736 706 5

175 754 269 799 que
303 738 543 797 instigem,
581 737 708 782 sicut
746 741 801 781 tu
843 737 966 782 soles
1003 754 1090 784 me.
1158 735 1307 801 οἷγαθὴ
1343 736 1380 784 δ’
1415 738 1516 798 ἔρις,
1542 755 1647 785 011111

174 813 384 858 inuicem
415 828 465 858 se
496 813 681 857 mutuis
716 812 1136 858 exhortationibus
1170 814 1312 859 amici
1345 814 1407 860 ad
1438 830 1652 860 amorem

175 892 542 939 inmortalitatis
566 897 822 940 exacuunt.
894 892 1017 940 11310.

835 1053 977 1099 VIII

319 1163 364 1204 G.
393 1162 617 1203 PLINIVS
648 1161 923 1203 SV'ETONIO
953 1160 1304 1210 TRANQVILLO
1335 1160 1438 1200 SVO
1469 1160 1512 1201 S.
1677 1159 1736 1205 10

266 1255 403 1302 Facis
417 1271 503 1317 pro
519 1260 673 1301 cetera
691 1255 963 1300 reuerentia
978 1270 1122 1315 quam
1139 1254 1261 1299 mihi
1278 1258 1502 1314 praestas,
1521 1253 1648 1315 quod

177 1342 278 1382 tam
311 1336 514 1381 sollicite
559 1334 685 1395 petis
719 1340 777 1379 ut
811 1334 1132 1391 tribunatum,
1181 1349 1324 1394 quem
1369 1349 1399 1378 a
1443 1333 1648 1378 Neratio

177 1414 408 1460 Marcello
432 1413 695 1459 clarissimo
719 1413 825 1458 uiro
849 1412 1110 1474 impetraui
1125 1413 1229 1470 tibi,
1247 1413 1300 1457 in
1324 1411 1647 1458 Caesennium

135 1516 153 1535 2
179 1495 427 1540 Siluanum
454 1492 778 1554 propinquum
801 1498 943 1537 tuum
966 1492 1269 1539 transferam.
1341 1492 1462 1537 mihi
1486 1497 1646 1538 autem

176 1575 302 1620 sicut
324 1574 724 1620 iucundissimum
742 1574 902 1633 ipsum
925 1578 974 1618 te
998 1573 1251 1618 tribunum
1274 1572 1345 1617 ita
1367 1588 1464 1618 non
1487 1572 1648 1616 minus
1674 1582 1732 1627 15

176 1663 367 1716 gratum
383 1654 531 1699 alium
547 1669 632 1714 per
651 1659 700 1698 te
716 1653 891 1698 uidere.
952 1668 1107 1712 neque
1127 1652 1255 1697 enim
1271 1667 1369 1697 esse
1384 1667 1648 1712 congruens

176 1735 396 1791 arbitror,
434 1749 574 1794 quem
608 1748 783 1793 augere
815 1733 1077 1778 honoribus
1105 1732 1283 1793 cupias,
1310 1731 1422 1777 huic
1452 1730 1648 1792 pietatis

176 1814 336 1859 titulis
380 1812 613 1871 inuidere,
662 1812 747 1873 qui
791 1819 906 1857 sunt
959 1812 1182 1858 omnibus
1227 1811 1490 1857 honoribus
1545 1810 1648 1871 pul-

177 1893 394 1939 chriores.
465 1892 606 1937 uideo
646 1893 806 1950 etiam,
848 1907 958 1937 cum
995 1891 1060 1937 sit
1095 1891 1339 1952 egregium
1378 1895 1428 1936 et
1471 1889 1647 1935 mereri

177 1972 405 2019 beneficia
437 1977 486 2017 et
518 1971 644 2028 dare,
678 1977 934 2031 utramque
972 1977 1022 2016 te
1050 1971 1243 2016 laudem
1276 1970 1420 2016 simul
1454 1969 1645 2014 31150011-
1670 1977 1732 2022 20

174 2058 354 2109 turum,
392 2050 434 2096 si
468 2050 596 2111 quod
624 2051 725 2110 ipse
756 2049 980 2095 meruisti
1017 2049 1104 2094 alii
1133 2049 1329 2094 tribuas.
1400 2053 1647 2109 praeterea

173 2131 402 2192 intellego
426 2129 546 2174 mihi
570 2144 760 2190 quoque
795 2128 973 2189 gloriae
997 2128 1110 2186 fore,
1138 2128 1179 2173 si
1207 2144 1267 2173 ex
1290 2127 1378 2173 hoc
1409 2133 1496 2173 tuo
1518 2127 1646 2173 facto

173 2225 271 2255 non
307 2208 454 2254 fuerit
487 2207 706 2269 ignotum
741 2208 918 2252 amicos
953 2223 1082 2252 meos
1123 2221 1221 2251 non
1254 2220 1416 2265 gerere
1451 2210 1646 2250 tantum

172 2287 452 2333 tribunatus
486 2302 621 2347 posse
655 2302 827 2331 uerum
861 2286 1006 2331 etiam
1039 2285 1162 2330 clare.
1234 2300 1383 2344 quare
1414 2299 1500 2344 ego
1530 2299 1645 2329 uero

174 2367 535 2413 honestissimae
558 2367 802 2413 uoluntati
826 2372 940 2412 tuae
958 2383 1110 2428 pareo.
1166 2381 1321 2426 neque
1336 2365 1465 2410 enim
1489 2365 1644 2410 adhuc
1669 2371 1728 2416 25
1804 2427 1806 2429 Ι

173 2463 349 2492 nomen
382 2447 435 2491 in
469 2463 693 2492 numeros
728 2447 936 2492 relatum
970 2453 1057 2504 est,
1095 2445 1297 2506 ideoque
1331 2444 1536 2489 liberum
1572 2451 1646 2490 est

254 2561 304 2597 10
334 2559 512 2599 SVETO
542 2558 896 2607 TRANQVILLO
932 2558 1034 2599 SVO
1062 2562 1093 2597 F
1159 2558 1510 2607 TRANQVILLO
1540 2559 1643 2598 SVO

173 2629 348 2665 MVDrS·
348 2637 376 2665 a
475 2624 677 2664 Suetonio
697 2636 771 2663 suo
790 2636 820 2672 p
999 2626 1047 2664 15
1078 2625 1187 2664 sicut
1207 2628 1270 2664 est
1290 2624 1643 2665 iucundissimum

173 2691 284 2739 Dpr*
448 2691 497 2729 18
525 2690 756 2730 honoribus
783 2704 855 2732 om.
891 2695 991 2731 MVr
1125 2692 1174 2732 19
1204 2693 1318 2742 cum]
1347 2703 1473 2741 quam
1501 2695 1618 2733 MVS'
