1823 3000
125 429 144 459 8

128 833 147 864 9

109 1473 148 1493 10

111 1545 146 1565 11

112 1944 149 1965 12

115 2424 152 2453 13

167 239 221 279 16
726 233 876 278 VIIII
936 234 1077 278 7—13

166 350 276 379 cum
320 333 436 379 olim
481 338 651 379 mutuo
696 334 959 395 diligerem,
1002 349 1064 377 ex
1102 331 1192 377 hac
1228 330 1370 377 officii
1409 331 1635 377 societate

167 428 326 458 amare
349 413 597 458 ardentius
621 413 766 472 coepi.
837 411 983 457 habet
998 411 1191 473 quidem
1206 410 1369 471 gloria,
1391 410 1443 455 in
1461 410 1635 456 studiis

166 494 460 556 praesertim,
487 493 715 554 quiddam
739 490 1050 550 ἀκοινώνητον,
1076 492 1216 537 nobis
1250 497 1413 535 tamen
1444 489 1636 535 nullum

167 579 422 629 certamen,
449 573 585 617 nulla
619 571 879 627 contentio,
907 586 1016 615 cum
1039 575 1243 630 uterque
1274 570 1379 629 pari
1403 569 1515 628 iugo
1537 583 1636 613 non

167 668 252 714 pro
273 668 322 697 se
346 652 428 696 sed
451 666 537 712 pro
561 666 702 695 causa
725 650 966 694 niteretur
981 665 994 707 3
1030 649 1166 693 cuius
1198 653 1246 693 et
1277 647 1559 708 magnitudo
1588 652 1637 693 et
1691 653 1719 698 5

167 732 356 777 utih'tas
387 731 490 776 uisa
523 735 596 775 est
629 729 873 790 postulare
906 744 967 773 ne
1008 733 1199 772 tantum
1235 727 1393 773 oneris
1433 727 1637 787 singulis

169 810 438 855 actionibus
460 808 738 853 subiremus.
810 807 1096 852 uerebamur
1118 821 1180 850 ne
1203 821 1288 850 nos
1305 805 1418 862 dieS,
1439 821 1500 850 ne
1523 821 1635 861 uox,

168 904 230 933 ne
253 888 406 933 latera
428 887 698 942 deficerent,
726 885 768 930 si
795 890 870 930 tot
903 884 1116 940 crimina,
1144 889 1217 928 tot
1245 898 1350 928 reos
1380 898 1477 928 uno
1499 883 1638 928 uelut

169 968 294 1013 fasce
340 966 760 1028 complecteremur
773 981 786 1021 3
836 964 1007 1008 deinde
1061 978 1121 1007 ne
1170 962 1384 1007 iudicum
1429 961 1638 1006 intentio

169 1045 336 1090 multis
354 1045 629 1090 nominibus
652 1044 912 1104 multisque
937 1042 1090 1087 causis
1115 1057 1211 1086 non
1225 1041 1483 1085 lassaretur
1497 1039 1638 1085 modo
1664 1046 1723 1091 10
1767 1041 1776 1050 ‘
1818 1028 1823 1072 ἶ

169 1140 339 1170 uerum
358 1123 505 1168 etiam
527 1123 899 1168 confunderetur
915 1137 928 1178 3
954 1136 1066 1164 mox
1090 1136 1148 1165 ne
1166 1119 1324 1180 gratia
1338 1118 1638 1179 singulorum

171 1205 344 1251 collata
377 1209 521 1264 atque
554 1201 796 1263 permixta
828 1216 913 1261 pro
949 1199 1149 1258 singulis
1174 1213 1363 1259 quoque
1393 1198 1520 1242 uires
1543 1213 1640 1242 om-

170 1285 307 1329 nium
358 1283 591 1342 acciperet
606 1297 619 1338 3
666 1285 905 1341 postremo
940 1295 999 1323 ne
1045 1277 1369 1338 potentissimi
1404 1276 1638 1322 uilissimo

170 1377 358 1424 quoque
383 1360 519 1422 quasi
549 1358 780 1420 piaculari
804 1359 915 1402 dato
939 1357 1106 1401 alienis
1130 1356 1295 1416 poenis
1319 1355 1634 1401 elaberentur.

170 1442 348 1487 etenim
373 1447 476 1484 tum
501 1438 710 1483 maxime
741 1437 877 1482 fauor
902 1441 950 1481 et
985 1435 1184 1480 ambitio
1213 1435 1501 1491 dominatur,
1528 1450 1638 1479 cum
1666 1440 1723 1485 15

170 1521 258 1565 sub
282 1519 442 1579 aliqua
460 1517 614 1578 specie
639 1515 910 1560 seueritatis
929 1514 1202 1558 delitescere
1222 1518 1389 1572 pot-est,
1465 1518 1568 1558 erat
1586 1513 1638 1558 iu

171 1597 368 1643 consilio
415 1594 746 1641 Sertorianum
791 1592 913 1636 illud
961 1591 1247 1650 exemplum,
1291 1590 1376 1650 qui
1415 1590 1641 1635 robustis-

171 1679 346 1724 simum
370 1683 418 1722 et
441 1675 820 1721 infirmissimum
845 1673 1050 1717 militem
1074 1672 1215 1716 iussit
1239 1670 1438 1715 caudam
1462 1669 1641 1731 equi—-

170 1758 357 1819 reliqua
379 1756 520 1802 nosti.
591 1772 702 1800 nam
721 1770 809 1799 nos
825 1769 1011 1814 quoque
1027 1758 1127 1797 tam
1145 1766 1453 1795 numerosum
1467 1765 1640 1810 agmen

171 1853 362 1883 reorum
396 1837 467 1880 ita
508 1835 700 1880 demum
734 1833 1017 1878 uidebamus
1051 1846 1186 1892 posse
1222 1828 1449 1890 superari,
1484 1829 1526 1874 si
1556 1845 1642 1889 per
1665 1836 1728 1882 20

174 1916 386 1977 singulos
405 1919 692 1975 carperetur.
744 1912 926 1974 placuit
940 1912 992 1955 in
1015 1910 1183 1971 primis
1202 1909 1359 1969 ipsum
1379 1908 1640 1954 Classicum

174 1995 421 2041 ostendere
452 1998 733 2038 nocentem:
769 1991 848 2036 hic
882 1991 1160 2051 aptissimus
1194 1989 1255 2033 ad
1283 1987 1432 2033 socios
1462 1987 1564 2033 eius
1592 1993 1642 2034 et
1816 1989 1823 2050 1

173 2076 419 2121 ministros
442 2075 677 2120 transitus
700 2078 816 2128 erat,
844 2072 958 2132 quia
981 2069 1096 2115 socii
1119 2068 1424 2129 ministrique
1447 2069 1643 2130 probari
1819 2114 1823 2134 Ι

173 2157 269 2202 nisi
289 2156 375 2201 illo
398 2160 599 2200 nocente
622 2169 721 2198 non
754 2155 978 2212 poterant
999 2166 1012 2207 ;
1046 2165 1107 2194 ex
1130 2149 1302 2209 quibus
1333 2149 1450 2194 duos
1475 2149 1641 2195 statim
1819 2169 1823 2214 !

176 2235 383 2283 Classico
407 2235 669 2290 iunximus,
696 2232 931 2277 Baebium
961 2230 1176 2275 Probum
1211 2234 1259 2273 et
1293 2227 1499 2273 Fabium
1528 2229 1643 2275 His·
1669 2235 1728 2280 25
1817 2219 1823 2302 j

174 2332 368 2378 panum,
405 2322 668 2374 utrumque
707 2311 876 2372 gratia,
915 2309 1195 2369 Hispanum
1234 2308 1381 2353 etiam
1416 2308 1643 2354 facundia
1814 2330 1823 2400 ¹

176 2395 405 2441 ualidum.
477 2398 526 2439 et
557 2393 681 2438 circa
709 2390 973 2436 Classicum
1006 2388 1201 2449 quidem
1231 2387 1392 2433 breuis
1421 2392 1470 2433 et
1503 2404 1642 2449 expe-

257 2487 280 2526 1
310 2487 418 2525 offici
444 2490 478 2525 D
598 2486 621 2523 3
649 2483 899 2530 ἀκοινώνητον
916 2485 950 2520 D
1007 2482 1238 2519 Catanaeus
1257 2491 1286 2519 a
1339 2478 1584 2519 ἀκοινωνιτον
1605 2485 1644 2519 ς·

178 2551 612 2594 AKOINONOHTON
653 2555 693 2588 et
722 2551 770 2588 in
797 2560 923 2597 mara.
958 2545 1210 2593 ἀκοινώνητον
1247 2544 1643 2585 incommunicabile

177 2625 207 2661 Ξ·
312 2622 359 2658 in
378 2621 528 2658 lacuna
546 2631 620 2657 om.
640 2629 694 2665 pr
843 2616 895 2654 10
920 2614 1147 2653 lassaretur
1173 2617 1327 2655 ΗΠΒ-8.
1369 2613 1594 2653 lassaretur
1611 2625 1641 2662 p

179 2688 229 2727 18
257 2684 594 2726 infirmissimum
620 2687 678 2724 Fa.
730 2681 1021 2722 firmissimum
1046 2685 1133 2730 Dpr
