1775 3010
144 207 222 248 204
279 209 475 250 ELATA.
527 211 727 252 LVM'EN
763 210 959 251 VMBRA
993 211 1360 252 COMMENDAT.
1396 213 1519 264 [xm
1534 214 1560 254 3
1577 214 1604 253 4

142 307 281 345 uentio
296 306 527 357 (including
541 308 784 357 dispositio).
824 319 888 345 111
903 307 926 345 1
944 309 966 356 5
981 308 1032 346 30
1051 309 1167 347 bonos
1185 320 1402 357 numquam
1419 310 1604 347 honestus

143 370 268 398 sermo
309 361 481 409 deficiet,
517 373 735 409 numquam
760 372 894 398 rerum
925 360 1467 409 optimarum...inuentio.
1525 371 1605 399 vm

144 422 206 460 pr.
227 415 247 460 5
268 413 318 450 14
337 414 394 452 Μ.
421 414 580 451 Tullius
599 413 952 450 inuentionem
972 414 1132 461 quidem
1150 426 1198 452 ac
1219 412 1605 461 dispositionem

139 466 357 513 prudentis
395 467 566 503 hominis
592 471 728 514 putat,
769 464 1116 513 eloquentiam
1153 467 1339 504 oratoris.
1392 477 1420 504 x
1449 466 1473 503 1
1504 468 1526 514 5
1555 465 1605 506 69

148 522 266 555 tanta
284 519 331 556 in
355 530 398 556 eo
426 517 730 556 inueniendi
756 518 876 566 copia
902 523 942 556 et
969 517 1238 565 eloquendi
1258 519 1456 566 facultas.
1511 529 1606 556 ΒΑΒ-

144 579 241 607 BAm
261 570 344 607 Cio.
366 569 415 608 de
434 582 492 608 or.
510 582 527 607 1
545 572 566 618 5
586 570 662 608 118
683 571 779 608 haec
796 571 912 608 turba
930 575 970 610 et
988 569 1223 609 barbaria
1233 572 1424 621 sorensis.
1481 569 1601 610 Brut.

145 623 262 669 5258
281 622 543 661 barbaries
562 624 790 662 domestica.

222 699 251 738 l.
273 701 296 738 5
315 711 519 738 navium:
537 711 660 738 unm
679 701 702 741 9
722 702 743 748 5
762 699 814 738 20
830 699 861 738 f.
881 711 925 738 n.
979 711 1024 738 1v
1041 701 1092 739 20
1110 703 1131 750 5
1150 703 1174 739 2
1193 707 1252 740 est
1270 713 1367 751 opus
1391 701 1610 751 pukhrum

143 754 330 791 ualidum
373 765 465 791 acre
500 754 666 792 sublime
703 752 899 791 uarium
933 754 1091 802 eleqans
1129 767 1279 804 purum
1315 754 1602 802 figuratum.

146 817 162 843 1
181 807 204 843 2
224 807 245 853 5
266 806 290 842 2
310 807 503 855 temptaui
517 807 624 844 enim
642 807 800 844 imitari
816 807 1118 845 Demosthenem
1130 819 1281 856 semper
1296 812 1419 852 tuum,
1435 807 1608 845 Caluum

145 870 273 906 nuper
290 871 427 906 meum,
451 860 663 896 dumtaxat
688 858 870 907 figuris
901 860 1111 898 orationis.
1167 860 1218 897 20
1236 861 1257 907 5
1277 860 1300 897 2
1325 859 1518 907 figuras
1546 871 1608 897 ea:-

148 912 394 960 temporales.
448 922 510 949 vn
528 912 552 951 9
572 914 593 959 5
612 912 635 948 2
654 911 689 950 it
708 911 744 949 is
764 922 788 949 a
806 910 910 959 good
928 911 1029 959 plan
1047 915 1091 950 to
1116 912 1321 950 translate
1339 911 1449 950 from
1475 910 1610 949 Greek

145 963 236 1002 into
255 963 382 1002 Latin
401 975 448 1001 or
466 963 574 1001 from
592 964 718 1002 Latin
736 963 828 1001 into
848 963 998 1002 Greek:
1030 977 1105 1013 quo
1133 977 1272 1013 qenere
1302 965 1608 1002 exercitationis

139 1018 371 1066 proprietas
406 1017 668 1066 splendorque
696 1018 905 1055 uerborum
933 1018 1050 1065 copia
1082 1016 1356 1065 figurarum
1384 1018 1449 1055 uis
1479 1017 1608 1065 expli·

145 1071 278 1117 candi,
289 1075 503 1118 praeterea
517 1071 746 1108 imitatione
761 1070 996 1118 optimorum
1009 1071 1165 1107 similia
1176 1070 1414 1108 inueniendi
1424 1070 1608 1120 facultas

141 1128 330 1171 paratur.
391 1121 565 1170 Quintil.
585 1134 612 1160 x
632 1123 654 1160 1
677 1124 697 1170 5
720 1123 769 1159 12
788 1123 816 1159 1.
839 1122 888 1159 10
907 1133 948 1161 n.
973 1124 993 1170 5
1014 1122 1065 1159 50
1082 1122 1107 1161 1.
1134 1123 1183 1160 25
1203 1133 1245 1161 n.

224 1217 421 1244 numm
445 1217 523 1244 Es‘r
551 1207 575 1245 7
595 1209 615 1254 5
635 1206 697 1246 14.
755 1217 791 1244 11
810 1208 834 1246 8
856 1208 876 1255 5
898 1208 922 1244 2
943 1208 980 1245 si
999 1207 1151 1245 soluere
1175 1208 1400 1255 negatur.
1451 1217 1534 1244 vm
1559 1206 1608 1244 11

149 1258 170 1304 ἓ
190 1260 213 1297 3
232 1265 422 1297 memento
443 1265 575 1297 tamen
593 1261 768 1297 dilatum
793 1261 923 1308 maqis
950 1260 1063 1297 istud
1090 1271 1211 1308 quam
1237 1262 1469 1307 negatum
1487 1259 1538 1297 el.
1560 1259 1611 1297 10

146 1315 168 1360 5
187 1313 211 1348 2
230 1313 344 1350 debes
363 1324 480 1359 ayere
500 1313 563 1350 dis
580 1314 753 1360 gratias,
774 1314 879 1361 quod
908 1314 972 1350 ita
998 1313 1072 1349 tibi
1096 1315 1453 1360 ..negauerunt.
1510 1323 1609 1360 pan.

147 1366 198 1403 94
217 1366 238 1412 5
257 1365 281 1402 5
300 1366 337 1402 si
366 1366 436 1402 hoc
461 1365 556 1413 sato
587 1367 810 1413 negatur.
868 1365 972 1403 Luc.
993 1375 1010 1402 1
1032 1365 1083 1404 70
1112 1365 1160 1404 71
1194 1366 1432 1414 summisque
1463 1375 1610 1413 nega-

147 1421 254 1456 tum
278 1415 284 1469 Ι
308 1423 416 1455 stare
437 1418 522 1457 diu.
574 1417 645 1457 Sil.
671 1429 688 1455 1
708 1418 796 1457 295.
839 1429 865 1456 v
883 1417 973 1458 637.
1002 1428 1046 1455 τι
1065 1418 1154 1456 569.

224 1503 252 1543 l.
277 1504 301 1543 6
321 1515 452 1541 ELATA
470 1515 487 1541 1
507 1504 531 1541 8
551 1505 571 1551 5
591 1504 613 1542 5
648 1502 855 1555 (materiae
885 1505 1024 1552 yenus)
1042 1505 1168 1552 pau-lo
1198 1503 1416 1551 gloriosius
1448 1508 1488 1542 et
1515 1502 1609 1541 ela-

146 1557 261 1595 tius.
321 1568 365 1594 1v
386 1557 435 1594 14
461 1557 525 1604 53
546 1556 608 1605 (of
633 1556 702 1594 his
733 1555 1128 1604 hendecasyllables)
1161 1557 1419 1594 describimus
1449 1557 1612 1605 aliquid

146 1611 260 1648 modo
273 1611 467 1658 pressius,
490 1610 603 1648 modo
621 1609 821 1648 elatius.
875 1621 919 1647 Ἦ
937 1610 988 1647 33
1010 1611 1069 1658 (to
1087 1610 1304 1656 Romanus,
1327 1607 1559 1657 respecting
1586 1619 1611 1646 a

148 1662 314 1711 speech)
335 1664 356 1710 5
375 1664 399 1699 8
419 1668 457 1700 et
480 1664 596 1711 copia
625 1674 759 1700 rerum
790 1668 829 1700 et
858 1668 1006 1711 arquta
1037 1663 1236 1700 diuisione
1270 1667 1309 1699 et
1343 1660 1612 1709 eloquendi

148 1714 396 1753 uarietate
414 1720 643 1754 renouatur.
685 1720 780 1754 sunt
798 1716 927 1752 multa
948 1716 1042 1761 (non
1060 1715 1246 1752 auderem
1263 1716 1345 1752 nisi
1367 1715 1443 1752 tibi
1463 1713 1609 1765 dicere)

148 1767 292 1813 elata,
313 1769 442 1805 multa
462 1769 683 1816 puqnacia,
715 1768 844 1806 multa
871 1768 1054 1806 subtilia.
1113 1778 1174 1803 vu
1198 1767 1247 1803 12
1272 1767 1336 1814 54
1366 1778 1455 1804 cum
1481 1767 1611 1815 suspi-

149 1832 263 1858 carer
272 1821 461 1870 futurum
479 1826 524 1857 ut
544 1821 621 1858 tibi
642 1821 834 1858 tumidius
858 1821 1078 1864 uideretur,
1099 1821 1289 1867 quoniam
1316 1825 1374 1857 est
1401 1821 1612 1856 sonantius

149 1879 189 1911 et
224 1872 421 1919 elatius,
455 1885 536 1910 non
568 1874 745 1911 alienum
776 1873 1026 1917 existimaui,
1055 1884 1104 1910 ne
1142 1877 1179 1909 te
1218 1877 1429 1920 torqueres‚
1467 1872 1611 1909 addere

148 1927 289 1964 statim
300 1927 479 1974 pressius
499 1926 692 1974 quiddam
710 1931 748 1963 et
767 1926 916 1963 exilius
940 1925 1008 1963 uel
1024 1926 1163 1974 potius
1190 1925 1381 1962 humilius
1411 1929 1451 1962 et
1476 1925 1608 1973 peius,

152 1983 284 2016 uestro
315 1984 448 2015 tamen
478 1979 633 2016 iudicio
661 1980 823 2016 rectius.
879 1979 900 2025 5
931 1978 954 2016 5
984 1989 1056 2016 cur
1087 1978 1193 2015 enim
1221 1989 1301 2014 non
1336 1988 1612 2026 usquequaque

152 2032 390 2069 tenuitatem
419 2036 593 2068 uestram
621 2032 813 2079 insequar
843 2036 883 2068 et
911 2031 1139 2078 exaqitem?
1195 2030 1244 2066 22
1274 2031 1294 2076 5
1328 2029 1351 2066 3
1382 2029 1494 2067 nihil
1522 2030 1614 2067 uolo

151 2083 338 2122 elatius
367 2084 414 2120 de
438 2084 723 2121 modestissimo
742 2084 832 2120 uiro
851 2083 996 2121 dicere.
1052 2081 1226 2130 Quintil.
1249 2093 1277 2119 x
1295 2081 1317 2119 1
1337 2083 1358 2129 5
1377 2081 1429 2118 44
1446 2080 1474 2121 L
1498 2082 1548 2120 25
1568 2093 1611 2120 n.

151 2147 195 2174 XI
214 2137 238 2174 3
258 2138 279 2184 5
297 2136 349 2173 43
366 2135 723 2175 miscens...elata
743 2134 1035 2173 summissis.

231 2215 253 2262 5
271 2218 296 2252 4
313 2213 341 2252 1.
359 2215 382 2253 7
397 2213 421 2250 8
437 2224 482 2250 m
501 2223 672 2250 mei-vm
697 2223 841 2250 marm<
863 2223 1005 2249 mmm
1029 2222 1283 2250 comitamur
1303 2210 1387 2249 Cic.
1403 2209 1488 2250 and
1501 2210 1610 2252 Plin.

151 2266 243 2305 h.n.
258 2266 304 2304 'm
319 2266 423 2303 lexx.
436 2267 577 2310 lumen,
590 2266 743 2304 umbro.
767 2264 940 2313 Quintil.
951 2276 1013 2302 111
1029 2265 1078 2302 10
1090 2266 1110 2312 5
1122 2265 1147 2301 4
1162 2263 1616 2303 Zeuxis...luminum

152 2319 514 2368 umbrarumque
534 2319 735 2356 inuenisse
754 2318 1193 2356 rationem...traditur.
1251 2316 1391 2365 Gierig
1409 2315 1510 2355 cites
1529 2316 1614 2355 Cic.

153 2372 204 2410 de
232 2383 292 2410 or.
320 2383 374 2408 111
401 2375 421 2419 5
460 2371 535 2408 101
575 2371 721 2408 habeat
758 2375 888 2407 tamen
924 2371 1002 2407 illa
1037 2371 1084 2407 in
1119 2371 1286 2408 dicendo
1317 2371 1535 2408 admiratio
1567 2381 1616 2408 ac

153 2437 306 2463 summa
327 2425 414 2461 laus
444 2422 667 2461 umbram
700 2423 883 2471 aliquam
901 2428 941 2460 et
958 2434 1149 2460 recessum
1169 2434 1245 2471 quo
1274 2423 1402 2471 magis
1433 2422 1492 2466 id,
1512 2423 1618 2471 quod

154 2479 234 2516 erit
252 2476 616 2520 illuminatum,
637 2481 793 2513 exstare
813 2480 934 2523 atque
954 2476 1123 2512 eminere
1142 2476 1345 2514 uideatur.
1403 2472 1487 2512 add
1504 2474 1615 2512 Plut.

155 2528 309 2567 Herod.
329 2528 500 2577 malign.
525 2529 576 2566 28
603 2529 668 2575 53
700 2528 823 2579 (8630)
854 2527 985 2574 ὥσπερ
1013 2529 1046 2565 οἱ
1075 2528 1275 2577 ζωγράφοι
1299 2528 1351 2565 τὰ
1377 2529 1542 2577 λαμπρὰ
1567 2527 1620 2574 τῇ

156 2581 247 2630 σκιᾷ
266 2583 480 2632 τρανότερα
500 2583 689 2620 ποιοῦσιν.
745 2591 1002 2619 ΘΟΜΜΕΝΒΑΤ
1023 2583 1126 2618 ‘sets
1155 2579 1212 2618 off
1228 2579 1236 2596 '
1258 2580 1308 2618 18
1327 2581 1347 2628 5
1367 2580 1403 2620 2.
1461 2579 1554 2618 Iuv.
1572 2590 1618 2617 11

157 2635 234 2673 208
253 2647 296 2672 n.
