1823 3000
746 227 818 271 XI
878 231 991 272 3-9
1554 232 1609 271 23

127 336 386 382 Senecione
426 333 630 380 Rustico
671 333 921 391 Heluidio,
965 332 1190 393 relegatis
1227 331 1450 378 Maurico
1492 332 1610 378 Gra-

124 417 232 461 tilla
254 415 405 461 Arria
428 414 630 470 Fannia,
649 417 723 458 tot
747 413 873 458 circa
894 428 972 458 me
995 412 1134 458 iactis
1156 411 1446 457 fulminibus
1471 413 1606 473 quasi
1630 455 1637 461 .

123 496 375 540 ambustus
409 493 531 538 mihi
557 507 747 553 quoque
770 491 1034 553 inpendere
1057 492 1186 537 idem
1211 491 1419 537 exitium
1456 493 1602 539 certis

125 570 412 630 quibusdam
436 568 566 614 notis
590 584 865 629 augurarer.
926 584 1026 612 non
1056 567 1165 613 ideo
1188 573 1354 614 tamen
1378 569 1602 614 eximiam
1631 595 1649 621 4

73 659 99 703 5
122 649 324 711 gloriam
349 648 580 694 meruisse
607 662 700 703 me,
727 651 784 692 ut
818 647 901 692 ille
926 646 1184 707 praedicat,
1213 647 1368 704 credo,
1395 647 1479 692 sed
1503 652 1604 693 tan-

122 733 230 772 tum
262 727 483 787 effugisse
517 725 771 786 flagitium.
843 741 958 770 nam
988 731 1037 770 et
1068 725 1118 771 O.
1147 725 1446 783 Musonium,
1485 742 1601 771 soce·
1633 743 1650 770 5

121 823 230 852 rum
253 807 369 864 eius,
397 811 635 868 quantum
658 806 848 851 licitum
873 811 947 851 est
970 821 1057 866 per
1080 811 1303 863 aetatem,
1325 823 1436 852 cum
1460 807 1603 852 admi-

120 889 308 934 ratione
326 888 474 934 dilexi
500 893 548 933 et
572 887 945 933 Artemidorum
969 887 1128 947 ipsum
1153 888 1249 932 iam
1273 893 1393 945 tum,
1422 904 1530 932 cum
1555 887 1603 932 in

122 968 262 1030 Syria
285 969 513 1014 tribunus
537 968 814 1025 militarem,
841 974 948 1012 arta
971 967 1303 1013 familiaritate
1328 968 1604 1029 complexus

38 1056 98 1101 10
120 1065 240 1106 sum,
261 1049 406 1111 idque
431 1049 642 1110 primum
677 1064 777 1094 non
801 1048 986 1093 nullius
1010 1048 1188 1093 indolis
1213 1048 1326 1094 dedi
1350 1049 1604 1109 specimen,

119 1129 249 1191 quod
272 1129 435 1175 uirum
459 1134 545 1174 aut
569 1129 837 1190 sapientem
861 1134 947 1173 aut
970 1129 1249 1189 proximum
1285 1129 1605 1174 simillimum-

119 1225 212 1270 que
245 1209 455 1270 sapienti
486 1209 767 1270 intellegere
799 1224 905 1254 sum
937 1210 1083 1255 uisus.
1151 1225 1266 1254 nam
1290 1226 1351 1255 ex
1382 1210 1606 1256 omnibus
1628 1225 1647 1254 6

120 1288 205 1350 qui
227 1294 357 1334 nunc
382 1305 431 1334 se
454 1289 762 1350 philosophos
786 1295 963 1334 uocant
987 1289 1074 1333 uix
1098 1306 1251 1334 unum
1275 1296 1362 1335 aut
1396 1291 1605 1337 alterum

119 1368 339 1414 inuenies
369 1373 508 1413 tanta
544 1367 837 1426 sinceritate,
867 1373 1007 1413 tanta
1038 1368 1258 1414 ueritate.
1329 1369 1474 1415 mitto
1510 1386 1606 1431 qua

39 1454 96 1498 15
119 1448 358 1510 patientia
392 1449 602 1509 corporis
634 1448 816 1494 hiemes
848 1448 990 1494 iuxta
1036 1454 1087 1494 et
1126 1454 1334 1496 aestates
1369 1450 1506 1509 ferat,
1547 1458 1603 1497 ut-

117 1527 268 1572 nullis
291 1527 537 1573 laboribus
573 1528 723 1585 cedat,
752 1532 808 1572 ut
838 1528 963 1572 nihil
987 1528 1040 1573 in
1065 1529 1185 1586 cibo,
1210 1529 1262 1574 in
1286 1534 1405 1590 potu
1437 1531 1604 1593 uolup-

118 1609 304 1654 tatibus
327 1609 528 1666 tribuat,
555 1614 612 1655 ut
636 1609 798 1655 oculos
816 1609 1129 1671 animumque
1154 1612 1415 1658 contineat.
1487 1617 1600 1658 sunt
1627 1633 1644 1662 7

118 1689 235 1735 haec
258 1705 446 1750 magna,
465 1690 547 1735 sed
571 1690 624 1734 in
648 1690 765 1748 alio,
794 1689 848 1734 in
871 1689 960 1735 hoc
984 1706 1100 1736 uero
1123 1691 1339 1748 minima,
1367 1691 1408 1737 si
1432 1692 1602 1739 ceteris

117 1769 389 1815 uirtutibus
408 1774 759 1830 comparentur,
778 1770 955 1831 quibus
971 1770 1151 1816 meruit
1173 1776 1232 1817 ut
1255 1788 1282 1817 a
1298 1772 1348 1818 O.
1373 1771 1602 1819 Musonio

36 1850 97 1897 20
118 1863 179 1894 ex
228 1848 452 1895 omnibus
493 1850 711 1894 omnium
757 1851 982 1896 ordinum
1029 1852 1411 1898 adsectatoribus
1456 1869 1602 1914 gener

117 1929 462 1975 adsumeretur.
536 1946 658 1991 quae
683 1931 804 1976 mihi
827 1931 1103 1977 recordanti
1121 1937 1194 1977 est
1217 1933 1412 1993 quidem
1436 1932 1600 1978 iucun-
1625 1953 1642 1983 g

116 2009 232 2054 dum
269 2008 400 2070 quod
437 2024 514 2054 me
550 2025 660 2055 cum
697 2010 826 2070 apud
866 2010 987 2056 alios
1026 2016 1134 2056 tum
1182 2011 1312 2071 apud
1352 2015 1402 2057 te
1447 2011 1601 2057 tantis

115 2089 339 2134 laudibus
369 2091 600 2149 cumulat,
634 2106 805 2136 uereor
843 2095 1009 2136 tamen
1046 2107 1107 2137 ne
1148 2092 1345 2137 modum
1383 2092 1596 2150 excedat,

116 2184 260 2229 quem
292 2169 569 2230 benignitas
603 2170 707 2216 eius
734 2170 869 2230 (illuc
894 2172 1024 2217 enim
1048 2171 1178 2217 unde
1204 2172 1338 2233 coepi
1360 2173 1597 2231 reuertor)

33 2248 94 2293 25
115 2249 237 2295 solet
280 2265 380 2296 non
424 2256 602 2297 tenere.
681 2267 797 2297 nam
843 2252 895 2297 in
941 2252 1030 2298 hoc
1075 2268 1174 2298 uno
1223 2253 1470 2298 interdum
1521 2252 1599 2297 uir
1621 2268 1640 2297 9

113 2330 294 2391 alioqui
316 2331 722 2392 prudentissimus
756 2332 958 2379 honesto
995 2333 1192 2394 quidem
1230 2333 1311 2378 sed
1342 2337 1508 2379 tamen
1531 2349 1598 2379 er-

113 2425 220 2456 rore
260 2416 496 2469 uersatur,
536 2413 666 2474 quod
711 2413 867 2476 pluris
914 2415 1090 2461 amicos
1137 2430 1248 2461 suos
1289 2430 1435 2476 quam
1481 2420 1598 2460 sunt

113 2489 394 2536 arbitratur.
465 2491 587 2539 uale.

190 2598 218 2635 4
249 2596 449 2637 eximiam
484 2601 646 2646 inps-a
680 2598 860 2640 nimiam
897 2604 975 2640 MV
1011 2600 1235 2640 minimam
1271 2612 1295 2640 r
1403 2601 1454 2640 25
1493 2600 1598 2642 solet

111 2674 199 2702 non
218 2665 369 2702 MV'DS‘
386 2673 474 2702 non
493 2663 599 2704 solet
618 2668 729 2713 Fpra
