1775 3010
136 258 178 308 6]
391 258 504 297 HOC
543 258 663 307 QVO.
721 257 940 297 VERIOR.
999 257 1365 299 ABSOLVTIOR.
1531 258 1608 299 177

134 362 301 388 ueram
329 351 451 389 dicto.
507 362 534 388 x
555 350 631 390 117
653 348 760 401 (118)
784 351 874 388 ideo
888 351 1152 400 prudentiam
1172 355 1282 388 tuam
1302 351 1416 399 elegi,
1441 356 1488 388 ut
1513 349 1606 388 for-

133 403 329 442 mandis
362 405 482 442 istius
502 404 745 452 prouinciae
774 405 948 441 moribus
979 405 1063 452 ipse
1091 404 1371 442 moderareris.
1428 415 1527 452 pan.
1555 404 1607 443 47

133 468 196 505 pr.
216 469 340 495 mores
358 457 583 494 iuuentutis
603 469 722 505 quam
739 458 1035 506 principaliter
1053 455 1244 494 formas
1261 456 1269 494 !
1319 457 1369 494 88
1385 458 1404 504 ἓ
1422 458 1444 494 3
1461 456 1520 505 (of
1535 455 1608 495 the

134 509 326 558 imperial
344 509 571 556 freedmen)
599 511 662 547 ita
687 509 887 554 formas,
917 515 962 547 ut
980 522 1020 547 se
1039 521 1121 547 non
1141 515 1214 548 tua
1231 510 1419 559 fortuna,
1444 510 1515 547 sed
1532 521 1610 548 sua

133 564 366 602 metiantur.
426 563 477 602 94
496 564 516 610 ξ
537 563 560 600 5
587 574 847 600 successorem
871 564 909 600 ei
937 563 1106 610 tribuas,
1132 574 1249 612 quem
1272 563 1471 612 qenuerit,
1492 574 1610 612 quem

134 614 435 654 formauerit
461 616 713 664 similemque
735 616 885 666 fecerit
915 616 1123 665 adoptato.

211 708 240 747 1.
262 709 286 748 9
315 720 396 747 Hoc
418 720 684 756 DIVTVRN10R‚
718 719 794 752 Qvo
824 709 876 758 [11
897 708 946 748 19
966 711 986 756 ξ
1007 709 1030 746 3
1052 707 1160 755 hoc,
1191 709 1298 758 quod
1315 708 1466 755 sedent,
1488 709 1609 757 quasi

134 763 411 800 debilitentur.
467 774 511 800 IV
529 763 579 799 21
613 764 633 809 ξ
654 763 676 800 5
707 761 800 799 hoc
830 774 917 799 sum
946 763 1074 811 magyis
1109 765 1269 808 anxius,
1305 762 1424 810 quod.
1480 773 1524 800 vr
1558 761 1607 798 12

133 818 155 864 §
173 815 199 852 4
216 814 308 853 hoc
327 816 428 853 mihi
449 816 718 863 iucundiores,
744 816 877 864 quodJ.
925 826 1024 863 pan.
1045 815 1095 852 21
1117 814 1143 854 f.
1167 814 1259 852 hoc
1290 820 1447 852 tantum
1467 816 1608 853 ceteris

132 870 276 916 maior,
313 880 404 917 quo
434 870 586 906 melior.
644 868 811 917 [lustin.
846 879 909 906 vn
940 868 963 906 5
1000 869 1020 915 ξ
1051 869 1075 905 8
1107 867 1200 905 hoc
1227 868 1452 916 indignior,
1486 868 1606 917 quod.

133 921 235 961 Hor.
261 933 293 959 s.
315 933 332 959 1
353 923 373 958 1
394 922 445 960 46
465 920 619 959 Heind.
640 920 857 959 Fritzsohe
874 933 956 959 non
975 926 1066 959 tuus
1086 919 1178 958 hoc
1204 922 1337 970 capiet
1356 927 1499 960 uenter
1510 921 1608 970 plus

134 986 255 1024 quam
272 987 392 1013 meus.
449 974 569 1023 Verg.
591 986 628 1022 g.
650 985 684 1012 11
704 975 780 1012 312
800 973 947 1023 Forb.]

211 1061 240 1098 1.
263 1060 313 1098 10
340 1073 495 1098 vernos
529 1062 662 1098 ‘truer
680 1063 724 1098 to
742 1059 843 1107 life,’
876 1062 1013 1098 ‘more
1039 1059 1237 1099 natural.'
1292 1071 1336 1098 1v
1356 1061 1406 1098 28
1427 1062 1447 1109 §
1467 1062 1490 1099 3
1511 1066 1607 1110 peto

132 1119 269 1152 autem
293 1120 340 1151 ut
370 1115 567 1163 pictorem
595 1126 716 1162 quam
743 1114 1101 1162 diliqentissimum
1137 1113 1340 1151 adsumas,
1397 1126 1492 1151 nam
1522 1126 1609 1152 cum

133 1172 192 1205 est
219 1167 393 1205 arduum
421 1168 733 1205 similitudinem
758 1167 938 1216 effinqere
965 1179 1014 1204 ex
1040 1178 1171 1214 uero,
1204 1172 1285 1204 tum
1311 1167 1423 1215 longe
1451 1167 1607 1216 difficil-

134 1221 233 1258 lima
262 1225 320 1258 est
352 1221 598 1258 imitationis
631 1221 825 1258 imitatio.
882 1232 908 1258 a
936 1231 1019 1269 qua
1046 1232 1141 1268 rogo
1178 1225 1220 1257 ut
1250 1220 1461 1268 artificem,
1490 1233 1607 1269 quem

132 1274 311 1322 eleyeris,
334 1286 383 1311 ne
403 1275 449 1311 in
467 1275 609 1311 melius
629 1274 791 1322 quidem
808 1274 920 1310 sinas
946 1273 1148 1310 aberrare.
1205 1272 1264 1311 Pl.
1285 1283 1392 1310 xxxv
1411 1273 1430 1318 ἓ
1452 1274 1527 1312 103
1551 1273 1612 1322 (of

96 1328 97 1331 ’
132 1326 398 1375 Protogenes)
432 1327 674 1375 displicebat
706 1332 841 1364 autem
871 1338 937 1364 ars
971 1327 1063 1374 ipsa
1099 1337 1170 1363 nec
1202 1327 1330 1363 minui
1360 1332 1534 1375 poterat,
1570 1332 1609 1364 et

131 1380 353 1418 uidebatur
374 1380 504 1418 nimia
523 1391 571 1417 ac
593 1380 750 1428 longius
770 1392 794 1416 a
815 1378 1034 1417 ueritate
1053 1379 1267 1424 discedere,
1288 1391 1506 1428 spumaque
1529 1381 1608 1418 illa

125 1433 262 1482 pinqi,
294 1444 375 1470 non
403 1444 452 1470 ecc
471 1443 536 1470 ore
564 1433 694 1472 nasci.
754 1431 931 1480 Quintil.
951 1443 1015 1469 m
1035 1432 1084 1469 10
1112 1431 1171 1479 (in
1191 1431 1262 1470 the
1289 1431 1353 1469 ch.
1385 1434 1552 1481 oratory
1569 1433 1606 1470 is

131 1485 353 1534 compared
375 1484 479 1522 with
509 1487 589 1532 art)
619 1487 640 1534 ξ
663 1486 687 1522 8
714 1490 762 1522 ut
792 1486 989 1523 humanae
1009 1485 1166 1534 formae
1195 1486 1371 1522 decorem
1399 1486 1608 1524 addiderit

130 1551 257 1588 supra
286 1549 470 1576 uerum.
528 1538 623 1577 Sen.
644 1540 700 1577 ot.
724 1537 747 1576 6
768 1540 788 1586 ξ
809 1539 832 1575 3
863 1550 966 1586 quae
991 1539 1191 1576 meditata
1215 1545 1322 1583 sunt,
1351 1539 1405 1576 ad
1438 1550 1607 1577 uerum

124 1592 359 1642 perducere.
415 1602 668 1629 ABsOLvTIOR
694 1602 712 1628 1
731 1592 783 1629 20
801 1593 821 1639 g
843 1591 893 1628 10
918 1592 1103 1639 sequitur
1122 1603 1228 1639 erqo,
1249 1597 1294 1628 ut
1314 1593 1422 1629 actio
1450 1593 1505 1629 sit
1531 1591 1606 1629 ab-

132 1644 465 1689 solutissima‚
492 1656 591 1693 quae
611 1646 783 1682 maxime
803 1646 1002 1682 orationis
1021 1645 1331 1682 similitudinem
1351 1647 1606 1693 expresserit.

131 1708 167 1736 11
186 1699 209 1736 5
229 1699 250 1746 ξ
269 1698 292 1735 2
325 1697 386 1746 (of
403 1709 427 1736 a
448 1696 611 1748 speech)
631 1699 797 1735 interim
816 1709 919 1746 quae
946 1696 1261 1734 absolutiora
1289 1698 1391 1735 mihi
1412 1699 1606 1736 uideban-

131 1756 211 1797 tur,
231 1752 414 1800 nonfuit
432 1751 610 1788 alienum
632 1751 785 1788 iudicio
814 1756 881 1788 tuo
903 1751 1027 1789 tradi.
1087 1760 1131 1787 1v
1149 1750 1200 1789 27
1219 1753 1239 1798 ἓ
1260 1751 1283 1787 2
1304 1752 1464 1800 aliquot
1485 1752 1605 1789 annis

123 1809 226 1855 puto
244 1804 356 1842 nihil
373 1805 530 1853 qeneris
552 1804 729 1841 eiusdem
747 1802 1036 1841 absolutius
1053 1804 1259 1852 scriptum.
1315 1815 1341 1841 v
1366 1805 1388 1841 3
1410 1805 1430 1851 ἓ
1451 1805 1474 1844 7
1502 1805 1605 1842 mihi

129 1858 345 1895 modestior
363 1858 594 1895 constantia
613 1862 684 1902 est,
705 1869 827 1905 qua-m
845 1861 890 1894 ut
909 1857 1011 1894 satis
1031 1855 1318 1894 absolutum
1339 1862 1479 1906 putem
1497 1858 1605 1906 quod

130 1922 158 1947 a
183 1921 242 1948 me
265 1910 472 1959 probetur.
529 1909 579 1947 15
601 1909 683 1959 (10)
705 1912 725 1958 ξ
746 1909 768 1947 1
791 1910 969 1958 pictores
990 1909 1209 1959 pulchram
1234 1909 1605 1960 absolutamque

122 1963 278 2012 faciem
302 1975 396 2001 raro
421 1964 506 2000 nisi
532 1964 579 2001 in
600 1964 720 2011 peius
747 1963 951 2011 effinqunt.
1005 1973 1051 2000 VI
1071 1962 1121 2002 17
1141 1964 1161 2010 ἓ
1180 1963 1204 1999 2
1231 1963 1484 2000 recitabatur
1504 1964 1608 2002 liber

131 2014 558 2055 absolutissimus,
617 2027 697 2052 vn1
716 2017 740 2054 3
759 2018 779 2064 ξ
800 2016 823 2052 2
851 2016 944 2053 uolo
970 2016 1077 2053 enim
1100 2016 1292 2064 proxima
1319 2028 1500 2065 quaeque
1525 2016 1601 2054 ab·

131 2068 448 2107 solutissima.
488 2070 640 2107 uideri.
695 2079 741 2106 rx
771 2068 793 2106 1
826 2070 847 2116 ξ
877 2068 900 2106 5
931 2068 1004 2106 hoc
1030 2068 1191 2117 perfice,
1230 2070 1335 2116 quod
1364 2070 1493 2115 nobis,
1528 2070 1601 2118 qui

134 2122 310 2170 leqimus,
345 2123 442 2159 olim
474 2121 768 2160 absolutum
790 2122 971 2159 uidetur.
1029 2121 1078 2158 11
1108 2121 1172 2169 §2
1205 2121 1274 2172 (on
1307 2120 1481 2171 hearing
1511 2122 1606 2160 that

129 2172 199 2211 his
218 2173 346 2212 books
366 2186 436 2213 are
455 2174 519 2212 for
539 2174 625 2212 sale
651 2177 695 2213 at
713 2173 983 2224 Lugdunum)
1014 2175 1168 2223 incipio
1200 2176 1305 2212 enim
1335 2176 1438 2212 satis
1467 2174 1606 2213 abso-

129 2225 293 2264 lutum
320 2229 567 2273 existimare,
599 2228 646 2265 de
673 2239 750 2277 quo
782 2233 900 2266 tanta
929 2227 1169 2265 diuersitate
1196 2229 1399 2277 reqionum
1428 2228 1607 2266 discreta

132 2279 334 2318 hominum
363 2281 525 2318 iudicia
556 2282 824 2318 consentiunt.
881 2279 979 2318 Tac.
1009 2279 1049 2318 d.
1071 2280 1108 2318 5.
1168 2279 1342 2328 Quintil.
1400 2280 1462 2318 Pl.
1488 2279 1532 2318 h.
1559 2293 1603 2319 n.

133 2331 296 2379 (-issimi
324 2334 453 2436 opej’ris
475 2334 659 2383 pictura,
681 2345 724 2372 -a
749 2339 871 2384 atque
892 2333 1078 2383 perfecta
1102 2345 1234 2383 opera,
1260 2345 1303 2370 -a
1333 2334 1502 2382 bonitas,
1529 2335 1605 2372 ele·

129 2385 276 2433 qantia
296 2386 371 2424 cet.
400 2413 410 2423 .

259 2804 308 2838 M.
338 2807 380 2842 P.
1413 2796 1472 2842 12
