1823 3000
634 261 638 264 ’
655 251 806 294 VIIII
867 252 1028 296 36—X
1087 256 1116 295 4
1572 256 1624 295 21

140 373 326 403 summo
350 356 428 402 die
454 355 648 402 Saluius
683 355 922 401 Liberalis
956 356 1168 417 reliquos
1196 356 1380 417 legatos
1411 357 1627 417 grauiter

138 437 396 500 increpuit,
431 441 682 497 tamquam
715 452 815 482 non
853 453 1020 482 omnes
1055 453 1176 497 quos
1210 437 1489 482 mandasset
1522 452 1627 497 pro-

138 518 302 564 uincia
347 533 453 563 reos
498 516 812 577 peregissent,
853 522 1013 578 atque,
1053 522 1112 562 ut
1152 523 1227 563 est
1273 517 1533 563 uehemens
1580 524 1629 564 et

139 600 362 656 disertus,
390 600 443 644 in
467 599 726 644 discrimen
756 598 979 645 adduxit.
1051 599 1245 660 protexi
1268 599 1400 644 uiros
1424 599 1629 660 opt-imos

87 685 114 730 5
139 680 424 740 eosdemque
442 678 764 740 gratissimos:
788 678 910 724 mihi
926 684 1054 725 certe
1080 679 1252 724 debere
1277 695 1326 724 se
1350 679 1630 740 praedicant

139 759 267 820 quod
290 759 430 803 illum
454 758 702 803 turbinem
718 758 976 803 euaserint.
1039 758 1118 803 hic
1135 758 1227 803 erit
1245 758 1478 819 epistulae
1503 758 1625 814 finis,
1654 785 1691 813 37

138 854 190 884 re
219 854 336 884 uera
362 837 474 882 finis
490 854 503 895 3
539 837 755 883 litteram
785 853 884 882 non
915 838 1103 895 addam,
1131 837 1324 883 etiamsi
1358 838 1515 884 adhuc
1548 838 1629 883 ali-

139 919 256 981 quid
279 918 566 979 praeterisse
589 933 666 963 me
690 933 894 963 sensero.
969 901 1087 963 nale.

858 1064 912 1110 X

56 1157 116 1202 lO
246 1158 291 1199 C.
331 1158 558 1198 PLINIVS
596 1159 897 1198 VESTRICIO
937 1159 1253 1198 SPVRINNAE
1295 1158 1398 1199 SVO
1433 1159 1508 1198 ΕΤ

728 1225 966 1264 COTTIAE
1001 1225 1041 1265 S.

229 1310 563 1373 Composuisse
587 1327 664 1357 me
695 1312 931 1373 quaedam
967 1312 1024 1358 de
1060 1313 1160 1358 filio
1196 1320 1360 1360 uestro
1391 1330 1490 1360 non
1525 1314 1628 1360 dixi
1654 1334 1668 1354 1

140 1391 292 1450 uobis,
327 1407 437 1437 cum
465 1390 687 1452 proxime
719 1392 848 1453 apud
880 1408 968 1438 uos
1003 1391 1090 1451 fui,
1115 1393 1342 1454 primum,
1381 1394 1497 1455 quia
1531 1411 1627 1440 non

139 1470 248 1516 ideo
284 1471 570 1531 scripseram
605 1476 663 1516 ut
701 1471 921 1529 dicerem,
953 1471 1035 1517 sed
1073 1478 1130 1517 ut
1165 1489 1271 1518 meo
1313 1474 1479 1530 amori,
1522 1490 1628 1520 meo

57 1556 115 1602 15
141 1549 296 1595 dolori
319 1550 646 1595 satisfacerem
655 1567 669 1609 3
695 1551 883 1607 deinde,
905 1551 1020 1611 quia
1043 1556 1105 1607 te,
1129 1551 1389 1613 Spurinna,
1419 1568 1526 1597 cum
1547 1569 1627 1598 au-

141 1630 288 1676 disses
302 1631 528 1676 recitasse
552 1646 643 1686 me,
665 1638 722 1676 ut
745 1631 868 1676 mihi
893 1632 994 1692 ipse
1014 1631 1199 1698 dixisti,
1220 1632 1337 1693 quid
1352 1634 1627 1679 recitassem

141 1710 286 1756 simul
311 1710 500 1756 audisse
525 1711 791 1758 credebam.
844 1718 1093 1773 praeterea
1116 1713 1302 1758 ueritus
1326 1730 1433 1759 sum
1457 1730 1518 1760 ne
1541 1730 1628 1760 uos
1652 1741 1669 1761 2

141 1790 280 1837 festis
308 1791 479 1836 diebus
513 1791 874 1850 confunderem,
903 1793 944 1838 si
967 1794 1020 1838 in
1044 1794 1325 1839 memoriam
1353 1795 1628 1855 grauissimi

140 1871 300 1917 luctus
323 1871 634 1916 reduxissem.
714 1888 845 1917 nunc
873 1888 1064 1934 quoque
1095 1874 1340 1934 paulisper
1374 1874 1625 1933 haesitaui,

57 1959 118 2005 20
141 1951 191 1998 id
215 1952 372 1998 solum
395 1952 526 2014 quod
549 1952 755 1998 recitaui
778 1953 1022 1999 mitterem
1049 1954 1358 2015 exigentibus
1387 1956 1540 2013 uobis,
1566 1973 1629 2002 an

141 2031 379 2078 adicerem
397 2048 520 2094 quae
544 2033 598 2078 in
620 2032 755 2078 aliud
778 2033 1009 2078 uolumen
1034 2035 1191 2095 cogito
1221 2051 1478 2083 reseruare.
1551 2053 1629 2083 ne·
1653 2061 1670 2090 3

142 2127 235 2172 que
259 2112 390 2158 enim
412 2112 683 2158 adfectibus
706 2112 825 2158 meis
850 2130 947 2159 uno
975 2114 1141 2161 libello
1177 2116 1473 2162 carissimam
1507 2118 1629 2163 mihi

143 2197 194 2237 et
227 2192 580 2238 sanctissimam
614 2193 896 2239 memoriam
931 2197 1157 2257 prosequi
1203 2197 1322 2243 satis
1358 2205 1443 2256 est,
1493 2198 1630 2243 cuius

142 2272 298 2318 famae
319 2271 468 2318 latius
492 2273 785 2331 consuletur,
812 2274 854 2319 si
877 2275 1157 2336 dispensata
1180 2281 1231 2322 et
1254 2277 1441 2338 digesta
1464 2278 1623 2324 fuerit.

0 2359 1 2412 j
59 2356 120 2401 25
144 2367 314 2397 uerum
337 2351 602 2398 haesitanti
625 2353 747 2398 mihi
772 2355 934 2400 omnia
957 2371 1080 2416 quae
1103 2356 1201 2401 iam
1225 2357 1469 2418 composui
1493 2358 1630 2404 uobis
1650 2378 1671 2407 4

0 2419 1 2430 ¹
144 2431 436 2490 exhiberem,
478 2449 543 2479 an
578 2434 736 2480 adhuc
772 2435 937 2497 aliqua
977 2436 1234 2493 differrem,
1274 2437 1541 2498 simplicius
1581 2444 1631 2484 et

144 2512 345 2559 amicius
379 2513 540 2559 uisum
587 2521 660 2560 est
695 2517 868 2575 omnia,
907 2517 1164 2578 praecipue
1210 2533 1320 2562 cum
1365 2518 1630 2565 adfirmetis

225 2617 250 2654 2
277 2615 511 2665 increpauit
529 2621 589 2658 Dr
750 2620 802 2659 10
837 2620 1016 2660 Vestric.
1056 2620 1292 2671 Spurinnae
1324 2623 1629 2665 Riccardianus

146 2687 192 2724 in
218 2685 356 2723 indice
383 2684 684 2725 VESTRICIO
714 2699 788 2725 om.
818 2690 1044 2732 MVFDpra
