<?xml version="1.0" encoding="UTF-8"?>
<!DOCTYPE html PUBLIC "-//W3C//DTD XHTML 1.0 Transitional//EN"
    "http://www.w3.org/TR/xhtml1/DTD/xhtml1-transitional.dtd">
<html xmlns="http://www.w3.org/1999/xhtml" xml:lang="en" lang="en">
 <head>
  <title>
</title>
<meta http-equiv="Content-Type" content="text/html;charset=utf-8" />
  <meta name='ocr-system' content='tesseract 3.04.00' />
  <meta name='ocr-capabilities' content='ocr_page ocr_carea ocr_par ocr_line ocrx_word'/>
</head>
<body>
  <div class='ocr_page' id='page_1' title='image "./lettersbookiii00plinuoft/lettersbookiii00plinuoft_0112.png"; bbox 0 0 1823 3000; ppageno 0'>
   <div class='ocr_carea' id='block_1_1' title="bbox 141 215 1611 271">
    <p class='ocr_par' dir='ltr' id='par_1_1' title="bbox 141 215 1611 271">
     <span class='ocr_line' id='line_1_1' title="bbox 141 215 1611 271; baseline 0.006 -18"><span class='ocrx_word' id='word_1_1' title='bbox 141 215 194 254; x_wconf 82' lang='lat'>60</span> <span class='ocrx_word' id='word_1_2' title='bbox 457 215 691 256; x_wconf 87' lang='lat' dir='ltr'>RHETOR</span> <span class='ocrx_word' id='word_1_3' title='bbox 717 216 1567 271; x_wconf 80' lang='lat' dir='ltr'><strong>LATINVS.GAST1TAS.[I11</strong></span> <span class='ocrx_word' id='word_1_4' title='bbox 1586 225 1611 262; x_wconf 85' lang='grc'><strong>3</strong></span> 
     </span>
    </p>
   </div>
   <div class='ocr_carea' id='block_1_2' title="bbox 137 308 1612 518">
    <p class='ocr_par' dir='ltr' id='par_1_2' title="bbox 137 308 1612 518">
     <span class='ocr_line' id='line_1_2' title="bbox 138 308 1612 373; baseline 0.005 -28"><span class='ocrx_word' id='word_1_5' title='bbox 138 308 184 345; x_wconf 89' lang='lat' dir='ltr'>to</span> <span class='ocrx_word' id='word_1_6' title='bbox 218 308 490 347; x_wconf 88' lang='lat' dir='ltr'>recommend</span> <span class='ocrx_word' id='word_1_7' title='bbox 522 311 701 348; x_wconf 83' lang='lat' dir='ltr'><strong>masters</strong></span> <span class='ocrx_word' id='word_1_8' title='bbox 730 310 796 348; x_wconf 81' lang='lat' dir='ltr'>ior</span> <span class='ocrx_word' id='word_1_9' title='bbox 823 310 1003 349; x_wconf 84' lang='lat' dir='ltr'>Comum</span> <span class='ocrx_word' id='word_1_10' title='bbox 1032 311 1191 373; x_wconf 85' lang='lat' dir='ltr'>school)</span> <span class='ocrx_word' id='word_1_11' title='bbox 1220 324 1314 360; x_wconf 76' lang='lat' dir='ltr'>royo</span> <span class='ocrx_word' id='word_1_12' title='bbox 1343 317 1389 350; x_wconf 81' lang='lat' dir='ltr'>ut</span> <span class='ocrx_word' id='word_1_13' title='bbox 1417 324 1466 351; x_wconf 75' lang='lat' dir='ltr'>ex</span> <span class='ocrx_word' id='word_1_14' title='bbox 1493 317 1612 364; x_wconf 87' lang='lat' dir='ltr'>copia</span> 
     </span>
     <span class='ocr_line' id='line_1_3' title="bbox 137 362 1606 416; baseline 0.005 -18"><span class='ocrx_word' id='word_1_15' title='bbox 137 362 419 407; x_wconf 84' lang='lat' dir='ltr'>studiosorum,</span> <span class='ocrx_word' id='word_1_16' title='bbox 449 375 549 412; x_wconf 79' lang='lat' dir='ltr'>quae</span> <span class='ocrx_word' id='word_1_17' title='bbox 580 364 635 400; x_wconf 91' lang='lat' dir='ltr'>ad</span> <span class='ocrx_word' id='word_1_18' title='bbox 663 369 701 401; x_wconf 89' lang='lat' dir='ltr'>te</span> <span class='ocrx_word' id='word_1_19' title='bbox 734 376 783 402; x_wconf 82' lang='lat' dir='ltr'>ex</span> <span class='ocrx_word' id='word_1_20' title='bbox 812 365 1084 402; x_wconf 83' lang='lat' dir='ltr'><strong><em>admiratione</em></strong></span> <span class='ocrx_word' id='word_1_21' title='bbox 1121 366 1278 413; x_wconf 68' lang='lat' dir='ltr'>ingenii</span> <span class='ocrx_word' id='word_1_22' title='bbox 1314 366 1377 402; x_wconf 89' lang='lat' dir='ltr'>tui</span> <span class='ocrx_word' id='word_1_23' title='bbox 1407 369 1606 416; x_wconf 84' lang='lat' dir='ltr'>conuenit,</span> 
     </span>
     <span class='ocr_line' id='line_1_4' title="bbox 139 413 1607 468; baseline 0.006 -18"><span class='ocrx_word' id='word_1_24' title='bbox 139 413 520 463; x_wconf 84' lang='lat' dir='ltr'>circumspicias</span> <span class='ocrx_word' id='word_1_25' title='bbox 552 418 919 464; x_wconf 84' lang='lat' dir='ltr'>praeceptores.</span> <span class='ocrx_word' id='word_1_26' title='bbox 981 416 1078 455; x_wconf 91' lang='lat' dir='ltr'>Sen.</span> <span class='ocrx_word' id='word_1_27' title='bbox 1114 429 1177 465; x_wconf 87' lang='lat' dir='ltr'>ep.</span> <span class='ocrx_word' id='word_1_28' title='bbox 1207 419 1256 458; x_wconf 91' lang='grc'>27</span> <span class='ocrx_word' id='word_1_29' title='bbox 1286 420 1306 466; x_wconf 65' lang='lat'>5</span> <span class='ocrx_word' id='word_1_30' title='bbox 1335 419 1358 455; x_wconf 91' lang='lat'><strong>3</strong></span> <span class='ocrx_word' id='word_1_31' title='bbox 1388 420 1607 468; x_wconf 78' lang='lat' dir='ltr'><strong><em>aliquod...</em></strong></span> 
     </span>
     <span class='ocr_line' id='line_1_5' title="bbox 139 466 1279 518; baseline 0.005 -14"><span class='ocrx_word' id='word_1_32' title='bbox 139 466 284 504; x_wconf 86' lang='lat' dir='ltr'>bonum</span> <span class='ocrx_word' id='word_1_33' title='bbox 300 479 532 506; x_wconf 80' lang='lat' dir='ltr'>mansurum</span> <span class='ocrx_word' id='word_1_34' title='bbox 550 468 907 518; x_wconf 83' lang='lat' dir='ltr'>circumspice.</span> <span class='ocrx_word' id='word_1_35' title='bbox 963 468 1056 507; x_wconf 89' lang='lat' dir='ltr'>Iuv.</span> <span class='ocrx_word' id='word_1_36' title='bbox 1076 482 1156 508; x_wconf 83' lang='lat' dir='ltr'>VIII</span> <span class='ocrx_word' id='word_1_37' title='bbox 1176 471 1279 510; x_wconf 83' lang='lat'>9611.</span> 
     </span>
    </p>
   </div>
   <div class='ocr_carea' id='block_1_3' title="bbox 131 539 1614 1854">
    <p class='ocr_par' dir='ltr' id='par_1_3' title="bbox 131 539 1614 1854">
     <span class='ocr_line' id='line_1_6' title="bbox 216 539 1606 588; baseline 0.004 -14"><span class='ocrx_word' id='word_1_38' title='bbox 216 548 385 576; x_wconf 81' lang='lat' dir='ltr'><strong>RHETOR</strong></span> <span class='ocrx_word' id='word_1_39' title='bbox 407 549 581 577; x_wconf 76' lang='lat' dir='ltr'>LA&#39;rmvs</span> <span class='ocrx_word' id='word_1_40' title='bbox 634 539 810 578; x_wconf 77' lang='lat' dir='ltr'>IuV.V11</span> <span class='ocrx_word' id='word_1_41' title='bbox 837 540 1046 578; x_wconf 84' lang='lat'>150—214</span> <span class='ocrx_word' id='word_1_42' title='bbox 1065 552 1108 578; x_wconf 93' lang='lat' dir='ltr'>n.</span> <span class='ocrx_word' id='word_1_43' title='bbox 1164 540 1280 578; x_wconf 89' lang='lat' dir='ltr'>Read</span> <span class='ocrx_word' id='word_1_44' title='bbox 1306 539 1480 588; x_wconf 85' lang='lat' dir='ltr'>Quintil.</span> <span class='ocrx_word' id='word_1_45' title='bbox 1507 539 1606 581; x_wconf 82' lang='lat' dir='ltr'>inst.</span> 
     </span>
     <span class='ocr_line' id='line_1_7' title="bbox 140 588 1613 631; baseline 0.002 -3"><span class='ocrx_word' id='word_1_46' title='bbox 140 588 233 628; x_wconf 89' lang='lat' dir='ltr'>Sen.</span> <span class='ocrx_word' id='word_1_47' title='bbox 257 602 368 630; x_wconf 81' lang='lat' dir='ltr'>suaS.</span> <span class='ocrx_word' id='word_1_48' title='bbox 393 590 476 628; x_wconf 86' lang='lat' dir='ltr'>and</span> <span class='ocrx_word' id='word_1_49' title='bbox 502 593 634 629; x_wconf 89' lang='lat' dir='ltr'>contr.</span> <span class='ocrx_word' id='word_1_50' title='bbox 658 592 770 631; x_wconf 87' lang='lat' dir='ltr'>Suet.</span> <span class='ocrx_word' id='word_1_51' title='bbox 799 591 907 630; x_wconf 89' lang='lat' dir='ltr'>rhet.</span> <span class='ocrx_word' id='word_1_52' title='bbox 927 592 1001 631; x_wconf 87' lang='lat' dir='ltr'>the</span> <span class='ocrx_word' id='word_1_53' title='bbox 1028 592 1329 631; x_wconf 85' lang='lat' dir='ltr'>declamations</span> <span class='ocrx_word' id='word_1_54' title='bbox 1356 592 1545 631; x_wconf 83' lang='lat' dir='ltr'>ascribed</span> <span class='ocrx_word' id='word_1_55' title='bbox 1569 593 1613 631; x_wconf 86' lang='lat' dir='ltr'>to</span> 
     </span>
     <span class='ocr_line' id='line_1_8' title="bbox 139 641 1612 694; baseline 0.003 -15"><span class='ocrx_word' id='word_1_56' title='bbox 139 641 314 690; x_wconf 82' lang='lat' dir='ltr'>Quintil.</span> <span class='ocrx_word' id='word_1_57' title='bbox 336 642 421 681; x_wconf 86' lang='lat' dir='ltr'>and</span> <span class='ocrx_word' id='word_1_58' title='bbox 441 643 638 692; x_wconf 87' lang='lat' dir='ltr'>Calpurn.</span> <span class='ocrx_word' id='word_1_59' title='bbox 695 644 870 692; x_wconf 83' lang='lat' dir='ltr'>Quintil.</span> <span class='ocrx_word' id='word_1_60' title='bbox 892 657 927 682; x_wconf 96' lang='lat'>11</span> <span class='ocrx_word' id='word_1_61' title='bbox 949 647 970 683; x_wconf 92' lang='lat'>1</span> <span class='ocrx_word' id='word_1_62' title='bbox 989 645 1128 694; x_wconf 86' lang='lat' dir='ltr'>pupils</span> <span class='ocrx_word' id='word_1_63' title='bbox 1155 658 1224 684; x_wconf 90' lang='lat' dir='ltr'>are</span> <span class='ocrx_word' id='word_1_64' title='bbox 1250 647 1343 684; x_wconf 86' lang='lat' dir='ltr'>sent</span> <span class='ocrx_word' id='word_1_65' title='bbox 1368 648 1412 684; x_wconf 92' lang='lat' dir='ltr'>to</span> <span class='ocrx_word' id='word_1_66' title='bbox 1435 645 1612 684; x_wconf 88' lang='lat' dir='ltr'>rhetori-</span> 
     </span>
     <span class='ocr_line' id='line_1_9' title="bbox 137 695 1613 747; baseline 0.003 -15"><span class='ocrx_word' id='word_1_67' title='bbox 137 695 266 743; x_wconf 63' lang='lat' dir='ltr'>mans,</span> <span class='ocrx_word' id='word_1_68' title='bbox 297 707 384 744; x_wconf 90' lang='lat' dir='ltr'>esp.</span> <span class='ocrx_word' id='word_1_69' title='bbox 412 698 456 734; x_wconf 94' lang='lat' dir='ltr'>to</span> <span class='ocrx_word' id='word_1_70' title='bbox 481 696 554 734; x_wconf 88' lang='lat' dir='ltr'>the</span> <span class='ocrx_word' id='word_1_71' title='bbox 579 696 722 742; x_wconf 88' lang='lat' dir='ltr'>Latin,</span> <span class='ocrx_word' id='word_1_72' title='bbox 749 699 820 735; x_wconf 90' lang='lat' dir='ltr'>too</span> <span class='ocrx_word' id='word_1_73' title='bbox 845 697 948 743; x_wconf 86' lang='lat' dir='ltr'>late;</span> <span class='ocrx_word' id='word_1_74' title='bbox 981 698 1154 736; x_wconf 86' lang='lat' dir='ltr'>because</span> <span class='ocrx_word' id='word_1_75' title='bbox 1177 698 1483 747; x_wconf 83' lang='lat' dir='ltr'>grammarians</span> <span class='ocrx_word' id='word_1_76' title='bbox 1505 697 1613 736; x_wconf 84' lang='lat' dir='ltr'>have</span> 
     </span>
     <span class='ocr_line' id='line_1_10' title="bbox 137 748 1606 799; baseline 0.003 -14"><span class='ocrx_word' id='word_1_77' title='bbox 137 748 393 786; x_wconf 87' lang='lat' dir='ltr'>encroached</span> <span class='ocrx_word' id='word_1_78' title='bbox 420 761 475 786; x_wconf 93' lang='lat' dir='ltr'>on</span> <span class='ocrx_word' id='word_1_79' title='bbox 502 749 575 787; x_wconf 85' lang='lat' dir='ltr'>the</span> <span class='ocrx_word' id='word_1_80' title='bbox 602 749 896 788; x_wconf 84' lang='lat' dir='ltr'>rhetorician’s</span> <span class='ocrx_word' id='word_1_81' title='bbox 922 750 1131 799; x_wconf 72' lang='lat' dir='ltr'>province,</span> <span class='ocrx_word' id='word_1_82' title='bbox 1163 750 1359 798; x_wconf 74' lang='lat' dir='ltr'>teaching</span> <span class='ocrx_word' id='word_1_83' title='bbox 1385 752 1606 790; x_wconf 81' lang='lat' dir='ltr'>suasoriae.</span> 
     </span>
     <span class='ocr_line' id='line_1_11' title="bbox 137 801 1611 852; baseline 0.003 -14"><span class='ocrx_word' id='word_1_84' title='bbox 137 811 174 838; x_wconf 81' lang='lat'>11</span> <span class='ocrx_word' id='word_1_85' title='bbox 192 801 216 840; x_wconf 83' lang='lat'><strong>2</strong></span> <span class='ocrx_word' id='word_1_86' title='bbox 237 803 257 848; x_wconf 64' lang='grc' dir='ltr'>ἓ</span> <span class='ocrx_word' id='word_1_87' title='bbox 277 803 299 838; x_wconf 96' lang='grc'>1</span> <span class='ocrx_word' id='word_1_88' title='bbox 319 813 410 849; x_wconf 81' lang='lat' dir='ltr'>er90</span> <span class='ocrx_word' id='word_1_89' title='bbox 431 814 520 840; x_wconf 88' lang='lat' dir='ltr'>cum</span> <span class='ocrx_word' id='word_1_90' title='bbox 539 803 594 840; x_wconf 90' lang='lat' dir='ltr'>ad</span> <span class='ocrx_word' id='word_1_91' title='bbox 613 815 680 840; x_wconf 79' lang='lat' dir='ltr'>eas</span> <span class='ocrx_word' id='word_1_92' title='bbox 701 804 748 840; x_wconf 86' lang='lat' dir='ltr'>in</span> <span class='ocrx_word' id='word_1_93' title='bbox 765 804 914 841; x_wconf 85' lang='lat' dir='ltr'>studiis</span> <span class='ocrx_word' id='word_1_94' title='bbox 929 805 1037 841; x_wconf 81' lang='lat' dir='ltr'>uires</span> <span class='ocrx_word' id='word_1_95' title='bbox 1051 805 1285 852; x_wconf 78' lang='lat' dir='ltr'>peruenerit</span> <span class='ocrx_word' id='word_1_96' title='bbox 1298 816 1414 852; x_wconf 88' lang='lat' dir='ltr'>puer,</span> <span class='ocrx_word' id='word_1_97' title='bbox 1432 809 1490 849; x_wconf 85' lang='lat' dir='ltr'>ut,</span> <span class='ocrx_word' id='word_1_98' title='bbox 1508 815 1611 852; x_wconf 77' lang='lat' dir='ltr'>quae</span> 
     </span>
     <span class='ocr_line' id='line_1_12' title="bbox 131 855 1610 916; baseline 0.002 -25"><span class='ocrx_word' id='word_1_99' title='bbox 131 855 271 902; x_wconf 86' lang='lat' dir='ltr'>prima</span> <span class='ocrx_word' id='word_1_100' title='bbox 299 866 379 892; x_wconf 85' lang='lat' dir='ltr'>esse</span> <span class='ocrx_word' id='word_1_101' title='bbox 401 861 624 904; x_wconf 78' lang='lat' dir='ltr'>praecepta</span> <span class='ocrx_word' id='word_1_102' title='bbox 650 856 855 893; x_wconf 83' lang='lat' dir='ltr'>rhetorum</span> <span class='ocrx_word' id='word_1_103' title='bbox 880 857 1072 902; x_wconf 77' lang='lat' dir='ltr'>diximus,</span> <span class='ocrx_word' id='word_1_104' title='bbox 1102 862 1229 894; x_wconf 88' lang='lat' dir='ltr'>mente</span> <span class='ocrx_word' id='word_1_105' title='bbox 1256 858 1444 905; x_wconf 76' lang='lat' dir='ltr'>consequi</span> <span class='ocrx_word' id='word_1_106' title='bbox 1466 858 1610 916; x_wconf 80' lang='lat' dir='ltr'>possit,</span> 
     </span>
     <span class='ocr_line' id='line_1_13' title="bbox 137 887 1613 958; baseline -0.001 -11"><span class='ocrx_word' id='word_1_107' title='bbox 137 906 416 947; x_wconf 67' lang='lat' dir='ltr'>tradendus</span> <span class='ocrx_word' id='word_1_108' title='bbox 436 908 548 945; x_wconf 89' lang='lat' dir='ltr'>eius</span> <span class='ocrx_word' id='word_1_109' title='bbox 569 908 694 946; x_wconf 87' lang='lat' dir='ltr'>artis</span> <span class='ocrx_word' id='word_1_110' title='bbox 714 907 980 956; x_wconf 88' lang='lat' dir='ltr'>magistris</span> <span class='ocrx_word' id='word_1_111' title='bbox 1000 887 1112 956; x_wconf 77' lang='lat' dir='ltr'>erit,</span> <span class='ocrx_word' id='word_1_112' title='bbox 1138 921 1342 957; x_wconf 91' lang='lat' dir='ltr'>quorum</span> <span class='ocrx_word' id='word_1_113' title='bbox 1363 908 1413 946; x_wconf 90' lang='lat' dir='ltr'>in</span> <span class='ocrx_word' id='word_1_114' title='bbox 1432 907 1613 958; x_wconf 89' lang='lat' dir='ltr'>primis</span> 
     </span>
     <span class='ocr_line' id='line_1_14' title="bbox 137 958 1611 1011; baseline 0.003 -15"><span class='ocrx_word' id='word_1_115' title='bbox 137 958 329 1007; x_wconf 88' lang='lat' dir='ltr'>inspici</span> <span class='ocrx_word' id='word_1_116' title='bbox 361 971 521 998; x_wconf 87' lang='lat' dir='ltr'>mores</span> <span class='ocrx_word' id='word_1_117' title='bbox 555 961 828 1009; x_wconf 83' lang='lat' dir='ltr'>oportebit.</span> <span class='ocrx_word' id='word_1_118' title='bbox 889 963 910 1009; x_wconf 68' lang='grc' dir='ltr'>ξ</span> <span class='ocrx_word' id='word_1_119' title='bbox 941 963 965 998; x_wconf 88' lang='grc'><strong>2</strong></span> <span class='ocrx_word' id='word_1_120' title='bbox 998 963 1105 1011; x_wconf 78' lang='lat' dir='ltr'>quod</span> <span class='ocrx_word' id='word_1_121' title='bbox 1141 974 1210 1011; x_wconf 73' lang='lat' dir='ltr'>eyo</span> <span class='ocrx_word' id='word_1_122' title='bbox 1242 974 1321 1000; x_wconf 87' lang='lat' dir='ltr'>non</span> <span class='ocrx_word' id='word_1_123' title='bbox 1354 963 1507 1000; x_wconf 84' lang='lat' dir='ltr'>idcirco</span> <span class='ocrx_word' id='word_1_124' title='bbox 1538 974 1611 1011; x_wconf 87' lang='lat' dir='ltr'>po-</span> 
     </span>
     <span class='ocr_line' id='line_1_15' title="bbox 139 1013 1614 1063; baseline 0.001 -13"><span class='ocrx_word' id='word_1_125' title='bbox 139 1013 338 1050; x_wconf 75' lang='lat' dir='ltr'>tissimum</span> <span class='ocrx_word' id='word_1_126' title='bbox 369 1015 417 1051; x_wconf 80' lang='lat' dir='ltr'>in</span> <span class='ocrx_word' id='word_1_127' title='bbox 449 1014 525 1052; x_wconf 86' lang='lat' dir='ltr'>hac</span> <span class='ocrx_word' id='word_1_128' title='bbox 560 1020 679 1062; x_wconf 87' lang='lat' dir='ltr'>parte</span> <span class='ocrx_word' id='word_1_129' title='bbox 714 1019 891 1052; x_wconf 86' lang='lat' dir='ltr'>tractare</span> <span class='ocrx_word' id='word_1_130' title='bbox 929 1027 1017 1052; x_wconf 85' lang='lat' dir='ltr'>sum</span> <span class='ocrx_word' id='word_1_131' title='bbox 1053 1015 1278 1062; x_wconf 45' lang='lat' dir='ltr'>admensus,</span> <span class='ocrx_word' id='word_1_132' title='bbox 1313 1016 1413 1063; x_wconf 80' lang='lat' dir='ltr'>quia</span> <span class='ocrx_word' id='word_1_133' title='bbox 1449 1027 1530 1053; x_wconf 83' lang='lat' dir='ltr'>non</span> <span class='ocrx_word' id='word_1_134' title='bbox 1566 1016 1614 1052; x_wconf 84' lang='lat' dir='ltr'>in</span> 
     </span>
     <span class='ocr_line' id='line_1_16' title="bbox 138 1067 1613 1116; baseline 0.002 -14"><span class='ocrx_word' id='word_1_135' title='bbox 138 1067 280 1103; x_wconf 82' lang='lat' dir='ltr'>ceteris</span> <span class='ocrx_word' id='word_1_136' title='bbox 312 1078 465 1114; x_wconf 85' lang='lat' dir='ltr'>quoque</span> <span class='ocrx_word' id='word_1_137' title='bbox 500 1067 727 1105; x_wconf 83' lang='lat' dir='ltr'>doctoribus</span> <span class='ocrx_word' id='word_1_138' title='bbox 756 1068 862 1105; x_wconf 83' lang='lat' dir='ltr'>idem</span> <span class='ocrx_word' id='word_1_139' title='bbox 901 1068 971 1106; x_wconf 83' lang='lat' dir='ltr'>hoc</span> <span class='ocrx_word' id='word_1_140' title='bbox 1001 1069 1125 1105; x_wconf 88' lang='lat' dir='ltr'>etiam</span> <span class='ocrx_word' id='word_1_141' title='bbox 1150 1068 1464 1105; x_wconf 72' lang='lat' dir='ltr'>examinandum</span> <span class='ocrx_word' id='word_1_142' title='bbox 1491 1079 1613 1116; x_wconf 81' lang='lat' dir='ltr'>quam</span> 
     </span>
     <span class='ocr_line' id='line_1_17' title="bbox 136 1119 1613 1169; baseline 0.002 -14"><span class='ocrx_word' id='word_1_143' title='bbox 136 1119 448 1166; x_wconf 72' lang='lat' dir='ltr'>diliqentissime</span> <span class='ocrx_word' id='word_1_144' title='bbox 477 1124 664 1167; x_wconf 86' lang='lat' dir='ltr'>putem‚..</span> <span class='ocrx_word' id='word_1_145' title='bbox 688 1121 758 1157; x_wconf 86' lang='lat' dir='ltr'>sed</span> <span class='ocrx_word' id='word_1_146' title='bbox 794 1121 901 1169; x_wconf 83' lang='lat' dir='ltr'>quod</span> <span class='ocrx_word' id='word_1_147' title='bbox 936 1122 1065 1169; x_wconf 71' lang='lat' dir='ltr'>mayis</span> <span class='ocrx_word' id='word_1_148' title='bbox 1109 1122 1377 1158; x_wconf 80' lang='lat' dir='ltr'>necessariam</span> <span class='ocrx_word' id='word_1_149' title='bbox 1420 1121 1506 1158; x_wconf 78' lang='lat' dir='ltr'>eius</span> <span class='ocrx_word' id='word_1_150' title='bbox 1551 1121 1613 1158; x_wconf 79' lang='lat' dir='ltr'>rei</span> 
     </span>
     <span class='ocr_line' id='line_1_18' title="bbox 136 1173 1611 1222; baseline 0.001 -14"><span class='ocrx_word' id='word_1_151' title='bbox 136 1173 376 1210; x_wconf 85' lang='lat' dir='ltr'>mentionem</span> <span class='ocrx_word' id='word_1_152' title='bbox 395 1173 507 1221; x_wconf 80' lang='lat' dir='ltr'>facit</span> <span class='ocrx_word' id='word_1_153' title='bbox 526 1178 639 1210; x_wconf 77' lang='lat' dir='ltr'>aetas</span> <span class='ocrx_word' id='word_1_154' title='bbox 664 1173 756 1221; x_wconf 79' lang='lat' dir='ltr'>ipsa</span> <span class='ocrx_word' id='word_1_155' title='bbox 782 1174 1036 1211; x_wconf 81' lang='lat' dir='ltr'>dt&#39;scentium.</span> <span class='ocrx_word' id='word_1_156' title='bbox 1093 1175 1156 1221; x_wconf 73' lang='lat'>§3</span> <span class='ocrx_word' id='word_1_157' title='bbox 1183 1185 1278 1210; x_wconf 87' lang='lat' dir='ltr'>nam</span> <span class='ocrx_word' id='word_1_158' title='bbox 1303 1179 1341 1210; x_wconf 89' lang='lat' dir='ltr'>et</span> <span class='ocrx_word' id='word_1_159' title='bbox 1366 1173 1501 1211; x_wconf 87' lang='lat' dir='ltr'>adulti</span> <span class='ocrx_word' id='word_1_160' title='bbox 1520 1173 1611 1222; x_wconf 83' lang='lat' dir='ltr'>fere</span> 
     </span>
     <span class='ocr_line' id='line_1_19' title="bbox 131 1225 1611 1274; baseline 0.001 -13"><span class='ocrx_word' id='word_1_161' title='bbox 131 1225 253 1273; x_wconf 86' lang='lat' dir='ltr'>pueri</span> <span class='ocrx_word' id='word_1_162' title='bbox 284 1225 340 1262; x_wconf 91' lang='lat' dir='ltr'>ad</span> <span class='ocrx_word' id='word_1_163' title='bbox 374 1225 441 1262; x_wconf 85' lang='lat' dir='ltr'>hos</span> <span class='ocrx_word' id='word_1_164' title='bbox 475 1231 756 1274; x_wconf 80' lang='lat' dir='ltr'>praeceptores</span> <span class='ocrx_word' id='word_1_165' title='bbox 789 1227 1091 1274; x_wconf 72' lang='lat' dir='ltr'>transferuntur</span> <span class='ocrx_word' id='word_1_166' title='bbox 1119 1231 1159 1264; x_wconf 92' lang='lat' dir='ltr'>et</span> <span class='ocrx_word' id='word_1_167' title='bbox 1198 1226 1310 1274; x_wconf 81' lang='lat' dir='ltr'>apud</span> <span class='ocrx_word' id='word_1_168' title='bbox 1347 1238 1409 1263; x_wconf 85' lang='lat' dir='ltr'>eos</span> <span class='ocrx_word' id='word_1_169' title='bbox 1446 1227 1611 1263; x_wconf 78' lang='lat' dir='ltr'>iuuenes</span> 
     </span>
     <span class='ocr_line' id='line_1_20' title="bbox 137 1278 1610 1327; baseline 0.001 -14"><span class='ocrx_word' id='word_1_170' title='bbox 137 1279 262 1314; x_wconf 88' lang='lat' dir='ltr'>etiam</span> <span class='ocrx_word' id='word_1_171' title='bbox 273 1278 385 1326; x_wconf 87' lang='lat' dir='ltr'>facti</span> <span class='ocrx_word' id='word_1_172' title='bbox 399 1284 674 1326; x_wconf 77' lang='lat' dir='ltr'>perseverant,</span> <span class='ocrx_word' id='word_1_173' title='bbox 698 1279 865 1327; x_wconf 80' lang='lat' dir='ltr'>ideoque</span> <span class='ocrx_word' id='word_1_174' title='bbox 886 1280 1015 1316; x_wconf 88' lang='lat' dir='ltr'>maior</span> <span class='ocrx_word' id='word_1_175' title='bbox 1040 1279 1274 1316; x_wconf 86' lang='lat' dir='ltr'>adhibenda</span> <span class='ocrx_word' id='word_1_176' title='bbox 1301 1284 1384 1316; x_wconf 86' lang='lat' dir='ltr'>tum</span> <span class='ocrx_word' id='word_1_177' title='bbox 1409 1290 1510 1316; x_wconf 87' lang='lat' dir='ltr'>cura</span> <span class='ocrx_word' id='word_1_178' title='bbox 1538 1283 1610 1323; x_wconf 86' lang='lat' dir='ltr'>est,</span> 
     </span>
     <span class='ocr_line' id='line_1_21' title="bbox 136 1329 1612 1369; baseline 0.001 -3"><span class='ocrx_word' id='word_1_179' title='bbox 136 1331 192 1367; x_wconf 90' lang='lat' dir='ltr'>ut</span> <span class='ocrx_word' id='word_1_180' title='bbox 211 1331 259 1367; x_wconf 89' lang='lat' dir='ltr'>et</span> <span class='ocrx_word' id='word_1_181' title='bbox 278 1329 567 1368; x_wconf 79' lang='lat' dir='ltr'>teneriores</span> <span class='ocrx_word' id='word_1_182' title='bbox 594 1342 752 1368; x_wconf 87' lang='lat' dir='ltr'>annos</span> <span class='ocrx_word' id='word_1_183' title='bbox 779 1330 840 1369; x_wconf 92' lang='lat' dir='ltr'>ab</span> <span class='ocrx_word' id='word_1_184' title='bbox 865 1330 1065 1369; x_wconf 88' lang='lat' dir='ltr'>iniuria</span> <span class='ocrx_word' id='word_1_185' title='bbox 1091 1331 1349 1369; x_wconf 81' lang='lat' dir='ltr'>sanctitas</span> <span class='ocrx_word' id='word_1_186' title='bbox 1378 1329 1612 1369; x_wconf 85' lang='lat' dir='ltr'>docentis</span> 
     </span>
     <span class='ocr_line' id='line_1_22' title="bbox 137 1382 1610 1432; baseline 0.001 -13"><span class='ocrx_word' id='word_1_187' title='bbox 137 1382 406 1420; x_wconf 84' lang='lat' dir='ltr'>custodiat</span> <span class='ocrx_word' id='word_1_188' title='bbox 426 1385 473 1420; x_wconf 90' lang='lat' dir='ltr'>et</span> <span class='ocrx_word' id='word_1_189' title='bbox 493 1382 774 1421; x_wconf 89' lang='lat' dir='ltr'>ferociores</span> <span class='ocrx_word' id='word_1_190' title='bbox 795 1396 820 1422; x_wconf 88' lang='lat' dir='ltr'>a</span> <span class='ocrx_word' id='word_1_191' title='bbox 839 1383 1065 1422; x_wconf 90' lang='lat' dir='ltr'>licentia</span> <span class='ocrx_word' id='word_1_192' title='bbox 1084 1383 1321 1432; x_wconf 84' lang='lat' dir='ltr'>grauitas</span> <span class='ocrx_word' id='word_1_193' title='bbox 1341 1383 1610 1422; x_wconf 82' lang='lat' dir='ltr'>deterreat.</span> 
     </span>
     <span class='ocr_line' id='line_1_23' title="bbox 137 1435 1612 1485; baseline 0.001 -13"><span class='ocrx_word' id='word_1_194' title='bbox 137 1437 158 1482; x_wconf 66' lang='grc' dir='ltr'>ξ</span> <span class='ocrx_word' id='word_1_195' title='bbox 187 1435 212 1471; x_wconf 88' lang='grc'><strong>4</strong></span> <span class='ocrx_word' id='word_1_196' title='bbox 241 1447 366 1484; x_wconf 81' lang='lat' dir='ltr'>neque</span> <span class='ocrx_word' id='word_1_197' title='bbox 395 1447 490 1473; x_wconf 83' lang='lat' dir='ltr'>uero</span> <span class='ocrx_word' id='word_1_198' title='bbox 527 1442 592 1474; x_wconf 82' lang='lat' dir='ltr'>sat</span> <span class='ocrx_word' id='word_1_199' title='bbox 630 1442 688 1474; x_wconf 84' lang='lat' dir='ltr'>est</span> <span class='ocrx_word' id='word_1_200' title='bbox 725 1449 917 1474; x_wconf 83' lang='lat' dir='ltr'>summam</span> <span class='ocrx_word' id='word_1_201' title='bbox 947 1443 1160 1485; x_wconf 86' lang='lat' dir='ltr'>praestare</span> <span class='ocrx_word' id='word_1_202' title='bbox 1197 1438 1497 1482; x_wconf 83' lang='lat' dir='ltr'>abstinentiam,</span> <span class='ocrx_word' id='word_1_203' title='bbox 1528 1437 1612 1474; x_wconf 76' lang='lat' dir='ltr'>nisi</span> 
     </span>
     <span class='ocr_line' id='line_1_24' title="bbox 139 1489 1612 1538; baseline 0.001 -13"><span class='ocrx_word' id='word_1_204' title='bbox 139 1489 384 1536; x_wconf 79' lang='lat' dir='ltr'>disciplinae</span> <span class='ocrx_word' id='word_1_205' title='bbox 412 1490 630 1527; x_wconf 83' lang='lat' dir='ltr'>seueritate</span> <span class='ocrx_word' id='word_1_206' title='bbox 659 1491 988 1527; x_wconf 80' lang='lat' dir='ltr'>conuenientium</span> <span class='ocrx_word' id='word_1_207' title='bbox 1020 1501 1174 1538; x_wconf 83' lang='lat' dir='ltr'>quoque</span> <span class='ocrx_word' id='word_1_208' title='bbox 1212 1490 1267 1527; x_wconf 92' lang='lat' dir='ltr'>ad</span> <span class='ocrx_word' id='word_1_209' title='bbox 1302 1501 1342 1527; x_wconf 87' lang='lat' dir='ltr'>se</span> <span class='ocrx_word' id='word_1_210' title='bbox 1378 1501 1503 1527; x_wconf 83' lang='lat' dir='ltr'>mores</span> <span class='ocrx_word' id='word_1_211' title='bbox 1540 1491 1612 1527; x_wconf 90' lang='lat' dir='ltr'>ad-</span> 
     </span>
     <span class='ocr_line' id='line_1_25' title="bbox 137 1541 1612 1581; baseline 0.001 -3"><span class='ocrx_word' id='word_1_212' title='bbox 137 1543 365 1579; x_wconf 71' lang='lat' dir='ltr'>strinxerit.</span> <span class='ocrx_word' id='word_1_213' title='bbox 425 1541 487 1579; x_wconf 77' lang='lat' dir='ltr'>Cf.</span> <span class='ocrx_word' id='word_1_214' title='bbox 518 1541 590 1580; x_wconf 87' lang='lat' dir='ltr'>the</span> <span class='ocrx_word' id='word_1_215' title='bbox 617 1542 854 1580; x_wconf 88' lang='lat' dir='ltr'>remainder</span> <span class='ocrx_word' id='word_1_216' title='bbox 882 1542 924 1579; x_wconf 84' lang='lat' dir='ltr'>of</span> <span class='ocrx_word' id='word_1_217' title='bbox 960 1541 1032 1580; x_wconf 86' lang='lat' dir='ltr'>the</span> <span class='ocrx_word' id='word_1_218' title='bbox 1059 1541 1125 1580; x_wconf 89' lang='lat' dir='ltr'>ch.</span> <span class='ocrx_word' id='word_1_219' title='bbox 1183 1542 1260 1580; x_wconf 91' lang='lat' dir='ltr'>See</span> <span class='ocrx_word' id='word_1_220' title='bbox 1292 1542 1340 1581; x_wconf 83' lang='lat' dir='ltr'>R.</span> <span class='ocrx_word' id='word_1_221' title='bbox 1373 1541 1612 1579; x_wconf 84' lang='lat' dir='ltr'>Volkmann</span> 
     </span>
     <span class='ocr_line' id='line_1_26' title="bbox 138 1593 1607 1634; baseline 0.002 -3"><span class='ocrx_word' id='word_1_222' title='bbox 138 1593 205 1631; x_wconf 90' lang='lat' dir='ltr'>die</span> <span class='ocrx_word' id='word_1_223' title='bbox 242 1593 447 1632; x_wconf 84' lang='lat' dir='ltr'>Rhetorik</span> <span class='ocrx_word' id='word_1_224' title='bbox 483 1593 557 1632; x_wconf 86' lang='lat' dir='ltr'>der</span> <span class='ocrx_word' id='word_1_225' title='bbox 595 1594 801 1633; x_wconf 88' lang='lat' dir='ltr'>Griechen</span> <span class='ocrx_word' id='word_1_226' title='bbox 839 1594 928 1632; x_wconf 89' lang='lat' dir='ltr'>und</span> <span class='ocrx_word' id='word_1_227' title='bbox 964 1595 1132 1633; x_wconf 73' lang='lat' dir='ltr'>Romer.</span> <span class='ocrx_word' id='word_1_228' title='bbox 1188 1595 1296 1633; x_wconf 90' lang='lat' dir='ltr'>Berl.</span> <span class='ocrx_word' id='word_1_229' title='bbox 1338 1595 1454 1634; x_wconf 87' lang='grc'>1872.</span> <span class='ocrx_word' id='word_1_230' title='bbox 1512 1594 1607 1634; x_wconf 88' lang='lat' dir='ltr'>Sen.</span> 
     </span>
     <span class='ocr_line' id='line_1_27' title="bbox 137 1646 1612 1696; baseline 0 -12"><span class='ocrx_word' id='word_1_231' title='bbox 137 1649 271 1684; x_wconf 89' lang='lat' dir='ltr'>contr.</span> <span class='ocrx_word' id='word_1_232' title='bbox 295 1658 329 1684; x_wconf 93' lang='lat'>11</span> <span class='ocrx_word' id='word_1_233' title='bbox 358 1647 488 1695; x_wconf 82' lang='lat' dir='ltr'>praef.</span> <span class='ocrx_word' id='word_1_234' title='bbox 517 1648 581 1695; x_wconf 76' lang='lat'>§5</span> <span class='ocrx_word' id='word_1_235' title='bbox 610 1647 799 1685; x_wconf 87' lang='lat' dir='ltr'>Blandus</span> <span class='ocrx_word' id='word_1_236' title='bbox 818 1659 901 1686; x_wconf 80' lang='lat' dir='ltr'>was</span> <span class='ocrx_word' id='word_1_237' title='bbox 930 1647 1002 1686; x_wconf 88' lang='lat' dir='ltr'>the</span> <span class='ocrx_word' id='word_1_238' title='bbox 1030 1648 1123 1685; x_wconf 79' lang='lat' dir='ltr'>first</span> <span class='ocrx_word' id='word_1_239' title='bbox 1151 1647 1315 1685; x_wconf 88' lang='lat' dir='ltr'>Roman</span> <span class='ocrx_word' id='word_1_240' title='bbox 1342 1646 1494 1696; x_wconf 84' lang='lat' dir='ltr'>knight</span> <span class='ocrx_word' id='word_1_241' title='bbox 1520 1646 1612 1684; x_wconf 83' lang='lat' dir='ltr'>who</span> 
     </span>
     <span class='ocr_line' id='line_1_28' title="bbox 137 1699 1613 1749; baseline 0 -12"><span class='ocrx_word' id='word_1_242' title='bbox 137 1699 288 1747; x_wconf 86' lang='lat' dir='ltr'>taught</span> <span class='ocrx_word' id='word_1_243' title='bbox 317 1699 498 1738; x_wconf 87' lang='lat' dir='ltr'>rhetoric</span> <span class='ocrx_word' id='word_1_244' title='bbox 531 1702 574 1738; x_wconf 91' lang='lat' dir='ltr'>at</span> <span class='ocrx_word' id='word_1_245' title='bbox 604 1699 754 1738; x_wconf 87' lang='lat' dir='ltr'>Rome:</span> <span class='ocrx_word' id='word_1_246' title='bbox 785 1703 942 1749; x_wconf 84' lang='lat' dir='ltr'>primus</span> <span class='ocrx_word' id='word_1_247' title='bbox 971 1703 1146 1739; x_wconf 84' lang='lat' dir='ltr'>omni-um</span> <span class='ocrx_word' id='word_1_248' title='bbox 1181 1700 1404 1738; x_wconf 86' lang='lat' dir='ltr'>Latinus</span> <span class='ocrx_word' id='word_1_249' title='bbox 1440 1699 1613 1737; x_wconf 87' lang='lat' dir='ltr'>rhetor</span> 
     </span>
     <span class='ocr_line' id='line_1_29' title="bbox 137 1752 1612 1802; baseline 0 -12"><span class='ocrx_word' id='word_1_250' title='bbox 137 1753 288 1790; x_wconf 87' lang='lat' dir='ltr'>Romae</span> <span class='ocrx_word' id='word_1_251' title='bbox 301 1754 371 1802; x_wconf 85' lang='lat' dir='ltr'>fui</span> <span class='ocrx_word' id='word_1_252' title='bbox 378 1759 392 1790; x_wconf 93' lang='lat' dir='ltr'>t</span> <span class='ocrx_word' id='word_1_253' title='bbox 406 1765 531 1801; x_wconf 85' lang='lat' dir='ltr'>puero</span> <span class='ocrx_word' id='word_1_254' title='bbox 555 1754 745 1791; x_wconf 84' lang='lat' dir='ltr'>Cicerone</span> <span class='ocrx_word' id='word_1_255' title='bbox 761 1754 933 1792; x_wconf 81' lang='lat' dir='ltr'>Plotius,</span> <span class='ocrx_word' id='word_1_256' title='bbox 976 1753 1101 1791; x_wconf 89' lang='lat' dir='ltr'>Edict</span> <span class='ocrx_word' id='word_1_257' title='bbox 1117 1753 1160 1790; x_wconf 82' lang='lat' dir='ltr'>of</span> <span class='ocrx_word' id='word_1_258' title='bbox 1177 1752 1249 1791; x_wconf 85' lang='lat' dir='ltr'>the</span> <span class='ocrx_word' id='word_1_259' title='bbox 1264 1764 1432 1790; x_wconf 91' lang='lat' dir='ltr'>censors</span> <span class='ocrx_word' id='word_1_260' title='bbox 1448 1752 1612 1800; x_wconf 83' lang='lat' dir='ltr'>against</span> 
     </span>
     <span class='ocr_line' id='line_1_30' title="bbox 139 1804 1288 1854; baseline 0.001 -10"><span class='ocrx_word' id='word_1_261' title='bbox 139 1804 254 1844; x_wconf 87' lang='lat' dir='ltr'>them</span> <span class='ocrx_word' id='word_1_262' title='bbox 272 1817 349 1845; x_wconf 84' lang='lat' dir='ltr'>13.c.</span> <span class='ocrx_word' id='word_1_263' title='bbox 377 1807 427 1845; x_wconf 86' lang='lat'>92</span> <span class='ocrx_word' id='word_1_264' title='bbox 448 1805 554 1845; x_wconf 88' lang='lat' dir='ltr'>Gell.</span> <span class='ocrx_word' id='word_1_265' title='bbox 578 1817 629 1843; x_wconf 82' lang='lat' dir='ltr'>xv</span> <span class='ocrx_word' id='word_1_266' title='bbox 650 1807 697 1843; x_wconf 87' lang='lat'>11</span> <span class='ocrx_word' id='word_1_267' title='bbox 718 1809 738 1854; x_wconf 67' lang='lat' dir='ltr'><strong>g</strong></span> <span class='ocrx_word' id='word_1_268' title='bbox 759 1808 796 1845; x_wconf 88' lang='lat'>2.</span> <span class='ocrx_word' id='word_1_269' title='bbox 857 1806 941 1844; x_wconf 86' lang='lat' dir='ltr'>Cic.</span> <span class='ocrx_word' id='word_1_270' title='bbox 962 1805 1012 1844; x_wconf 87' lang='lat' dir='ltr'>de</span> <span class='ocrx_word' id='word_1_271' title='bbox 1031 1818 1088 1845; x_wconf 90' lang='lat' dir='ltr'>or.</span> <span class='ocrx_word' id='word_1_272' title='bbox 1114 1817 1166 1844; x_wconf 90' lang='lat'>111</span> <span class='ocrx_word' id='word_1_273' title='bbox 1185 1808 1205 1854; x_wconf 68' lang='grc' dir='ltr'>ξ</span> <span class='ocrx_word' id='word_1_274' title='bbox 1226 1807 1288 1845; x_wconf 88' lang='grc'>93.</span> 
     </span>
    </p>
   </div>
   <div class='ocr_carea' id='block_1_4' title="bbox 135 1875 1617 2716">
    <p class='ocr_par' dir='ltr' id='par_1_4' title="bbox 135 1875 1617 2716">
     <span class='ocr_line' id='line_1_31' title="bbox 215 1875 1612 1924; baseline 0.001 -11"><span class='ocrx_word' id='word_1_275' title='bbox 215 1876 242 1915; x_wconf 93' lang='grc'>1.</span> <span class='ocrx_word' id='word_1_276' title='bbox 267 1877 318 1913; x_wconf 86' lang='grc'>22</span> <span class='ocrx_word' id='word_1_277' title='bbox 364 1887 552 1914; x_wconf 71' lang='lat' dir='ltr'>CAsrrrAs</span> <span class='ocrx_word' id='word_1_278' title='bbox 596 1888 612 1913; x_wconf 95' lang='lat'>1</span> <span class='ocrx_word' id='word_1_279' title='bbox 639 1877 689 1914; x_wconf 87' lang='grc'>22</span> <span class='ocrx_word' id='word_1_280' title='bbox 710 1878 727 1924; x_wconf 71' lang='grc' dir='ltr'>ἓ</span> <span class='ocrx_word' id='word_1_281' title='bbox 748 1879 785 1916; x_wconf 88' lang='grc'>7.</span> <span class='ocrx_word' id='word_1_282' title='bbox 842 1877 932 1914; x_wconf 90' lang='lat' dir='ltr'>Iuv.</span> <span class='ocrx_word' id='word_1_283' title='bbox 953 1888 1016 1914; x_wconf 84' lang='lat' dir='ltr'>vn</span> <span class='ocrx_word' id='word_1_284' title='bbox 1036 1877 1113 1915; x_wconf 88' lang='grc'>218</span> <span class='ocrx_word' id='word_1_285' title='bbox 1132 1888 1174 1915; x_wconf 91' lang='lat' dir='ltr'>n.</span> <span class='ocrx_word' id='word_1_286' title='bbox 1200 1877 1277 1916; x_wconf 88' lang='grc'>239</span> <span class='ocrx_word' id='word_1_287' title='bbox 1297 1888 1339 1914; x_wconf 91' lang='lat' dir='ltr'>n.</span> <span class='ocrx_word' id='word_1_288' title='bbox 1397 1875 1570 1924; x_wconf 86' lang='lat' dir='ltr'>Quintil.</span> <span class='ocrx_word' id='word_1_289' title='bbox 1596 1888 1612 1914; x_wconf 92' lang='lat'>1</span> 
     </span>
     <span class='ocr_line' id='line_1_32' title="bbox 137 1928 1612 1978; baseline 0.001 -12"><span class='ocrx_word' id='word_1_290' title='bbox 137 1930 161 1967; x_wconf 84' lang='lat'><strong>2</strong></span> <span class='ocrx_word' id='word_1_291' title='bbox 182 1931 202 1977; x_wconf 66' lang='grc' dir='ltr'>ἓ</span> <span class='ocrx_word' id='word_1_292' title='bbox 223 1930 245 1966; x_wconf 89' lang='grc'>2</span> <span class='ocrx_word' id='word_1_293' title='bbox 265 1929 337 1967; x_wconf 87' lang='lat' dir='ltr'>the</span> <span class='ocrx_word' id='word_1_294' title='bbox 357 1929 575 1966; x_wconf 84' lang='lat' dir='ltr'>advocates</span> <span class='ocrx_word' id='word_1_295' title='bbox 595 1929 638 1966; x_wconf 83' lang='lat' dir='ltr'>of</span> <span class='ocrx_word' id='word_1_296' title='bbox 664 1928 788 1966; x_wconf 89' lang='lat' dir='ltr'>home</span> <span class='ocrx_word' id='word_1_297' title='bbox 815 1929 1036 1967; x_wconf 84' lang='lat' dir='ltr'>education</span> <span class='ocrx_word' id='word_1_298' title='bbox 1064 1931 1165 1967; x_wconf 79' lang='lat' dir='ltr'>(luas</span> <span class='ocrx_word' id='word_1_299' title='bbox 1189 1930 1409 1978; x_wconf 77' lang='lat' dir='ltr'>praecipue</span> <span class='ocrx_word' id='word_1_300' title='bbox 1434 1931 1612 1967; x_wconf 85' lang='lat' dir='ltr'>rationes</span> 
     </span>
     <span class='ocr_line' id='line_1_33' title="bbox 136 1982 1613 2032; baseline 0 -12"><span class='ocrx_word' id='word_1_301' title='bbox 136 1984 251 2032; x_wconf 80' lang='lat' dir='ltr'>sequi</span> <span class='ocrx_word' id='word_1_302' title='bbox 276 1983 497 2020; x_wconf 83' lang='lat' dir='ltr'>uidentur.-</span> <span class='ocrx_word' id='word_1_303' title='bbox 527 1994 664 2026; x_wconf 86' lang='lat' dir='ltr'>unam,</span> <span class='ocrx_word' id='word_1_304' title='bbox 685 1983 790 2031; x_wconf 83' lang='lat' dir='ltr'>quod</span> <span class='ocrx_word' id='word_1_305' title='bbox 814 1984 985 2020; x_wconf 83' lang='lat' dir='ltr'>moribus</span> <span class='ocrx_word' id='word_1_306' title='bbox 1010 1984 1138 2029; x_wconf 72' lang='lat' dir='ltr'>mayis</span> <span class='ocrx_word' id='word_1_307' title='bbox 1165 1982 1389 2025; x_wconf 78' lang='lat' dir='ltr'>consulant,</span> <span class='ocrx_word' id='word_1_308' title='bbox 1411 1983 1613 2031; x_wconf 76' lang='lat' dir='ltr'>fuyiendo</span> 
     </span>
     <span class='ocr_line' id='line_1_34' title="bbox 139 2036 1611 2084; baseline -0.001 -11"><span class='ocrx_word' id='word_1_309' title='bbox 139 2037 297 2073; x_wconf 86' lang='lat' dir='ltr'>turbam</span> <span class='ocrx_word' id='word_1_310' title='bbox 325 2036 529 2072; x_wconf 85' lang='lat' dir='ltr'>hominum</span> <span class='ocrx_word' id='word_1_311' title='bbox 559 2037 644 2072; x_wconf 68' lang='lat' dir='ltr'>eius</span> <span class='ocrx_word' id='word_1_312' title='bbox 673 2037 835 2082; x_wconf 85' lang='lat' dir='ltr'>aetatis,</span> <span class='ocrx_word' id='word_1_313' title='bbox 859 2047 959 2084; x_wconf 78' lang='lat' dir='ltr'>quae</span> <span class='ocrx_word' id='word_1_314' title='bbox 985 2037 1040 2072; x_wconf 85' lang='lat' dir='ltr'>sit</span> <span class='ocrx_word' id='word_1_315' title='bbox 1066 2036 1121 2072; x_wconf 84' lang='lat' dir='ltr'>ad</span> <span class='ocrx_word' id='word_1_316' title='bbox 1145 2037 1254 2072; x_wconf 85' lang='lat' dir='ltr'>uitia</span> <span class='ocrx_word' id='word_1_317' title='bbox 1272 2036 1442 2072; x_wconf 74' lang='lat' dir='ltr'>maxime</span> <span class='ocrx_word' id='word_1_318' title='bbox 1464 2046 1611 2083; x_wconf 88' lang='lat' dir='ltr'>prona,</span> 
     </span>
     <span class='ocr_line' id='line_1_35' title="bbox 136 2087 1613 2136; baseline -0.001 -11"><span class='ocrx_word' id='word_1_319' title='bbox 136 2089 242 2126; x_wconf 86' lang='lat' dir='ltr'>unde</span> <span class='ocrx_word' id='word_1_320' title='bbox 278 2099 420 2125; x_wconf 84' lang='lat' dir='ltr'>causas</span> <span class='ocrx_word' id='word_1_321' title='bbox 460 2089 637 2136; x_wconf 80' lang='lat' dir='ltr'>turpium</span> <span class='ocrx_word' id='word_1_322' title='bbox 673 2088 882 2136; x_wconf 42' lang='lat' dir='ltr'>„factorum</span> <span class='ocrx_word' id='word_1_323' title='bbox 917 2100 1034 2136; x_wconf 80' lang='lat' dir='ltr'>saepe</span> <span class='ocrx_word' id='word_1_324' title='bbox 1078 2089 1262 2125; x_wconf 67' lang='lat' dir='ltr'>extitisse</span> <span class='ocrx_word' id='word_1_325' title='bbox 1307 2089 1466 2124; x_wconf 84' lang='lat' dir='ltr'>utinam</span> <span class='ocrx_word' id='word_1_326' title='bbox 1497 2087 1613 2135; x_wconf 85' lang='lat' dir='ltr'>salso</span> 
     </span>
     <span class='ocr_line' id='line_1_36' title="bbox 137 2140 1614 2190; baseline -0.001 -12"><span class='ocrx_word' id='word_1_327' title='bbox 137 2142 456 2188; x_wconf 78' lang='lat' dir='ltr'>iactaretur...§</span> <span class='ocrx_word' id='word_1_328' title='bbox 493 2141 516 2178; x_wconf 85' lang='lat'><strong>3</strong></span> <span class='ocrx_word' id='word_1_329' title='bbox 548 2142 666 2189; x_wconf 81' lang='lat' dir='ltr'>prior</span> <span class='ocrx_word' id='word_1_330' title='bbox 701 2152 824 2178; x_wconf 86' lang='lat' dir='ltr'>causa</span> <span class='ocrx_word' id='word_1_331' title='bbox 860 2152 1026 2190; x_wconf 83' lang='lat' dir='ltr'>prorsus</span> <span class='ocrx_word' id='word_1_332' title='bbox 1063 2142 1227 2187; x_wconf 73' lang='lat' dir='ltr'>yrauis:</span> <span class='ocrx_word' id='word_1_333' title='bbox 1271 2151 1366 2177; x_wconf 83' lang='lat' dir='ltr'>nam</span> <span class='ocrx_word' id='word_1_334' title='bbox 1396 2141 1433 2177; x_wconf 83' lang='lat' dir='ltr'>si</span> <span class='ocrx_word' id='word_1_335' title='bbox 1464 2140 1614 2178; x_wconf 83' lang='lat' dir='ltr'>studiis</span> 
     </span>
     <span class='ocr_line' id='line_1_37' title="bbox 140 2193 1616 2242; baseline 0 -12"><span class='ocrx_word' id='word_1_336' title='bbox 140 2194 303 2242; x_wconf 80' lang='lat' dir='ltr'>quidem</span> <span class='ocrx_word' id='word_1_337' title='bbox 321 2193 476 2231; x_wconf 84' lang='lat' dir='ltr'>scholas</span> <span class='ocrx_word' id='word_1_338' title='bbox 502 2194 700 2241; x_wconf 82' lang='lat' dir='ltr'>prodesse,</span> <span class='ocrx_word' id='word_1_339' title='bbox 720 2194 895 2231; x_wconf 85' lang='lat' dir='ltr'>moribus</span> <span class='ocrx_word' id='word_1_340' title='bbox 915 2199 1049 2230; x_wconf 86' lang='lat' dir='ltr'>autem</span> <span class='ocrx_word' id='word_1_341' title='bbox 1074 2204 1212 2230; x_wconf 86' lang='lat' dir='ltr'>nocere</span> <span class='ocrx_word' id='word_1_342' title='bbox 1239 2198 1451 2237; x_wconf 84' lang='lat' dir='ltr'>constaret,</span> <span class='ocrx_word' id='word_1_343' title='bbox 1475 2194 1616 2241; x_wconf 85' lang='lat' dir='ltr'>potior</span> 
     </span>
     <span class='ocr_line' id='line_1_38' title="bbox 139 2246 1612 2294; baseline 0 -11"><span class='ocrx_word' id='word_1_344' title='bbox 139 2247 243 2284; x_wconf 82' lang='lat' dir='ltr'>mihi</span> <span class='ocrx_word' id='word_1_345' title='bbox 264 2247 371 2283; x_wconf 82' lang='lat' dir='ltr'>rat-io</span> <span class='ocrx_word' id='word_1_346' title='bbox 391 2246 561 2283; x_wconf 84' lang='lat' dir='ltr'>uiuendi</span> <span class='ocrx_word' id='word_1_347' title='bbox 590 2246 749 2283; x_wconf 81' lang='lat' dir='ltr'>honeste</span> <span class='ocrx_word' id='word_1_348' title='bbox 778 2258 898 2294; x_wconf 79' lang='lat' dir='ltr'>quam</span> <span class='ocrx_word' id='word_1_349' title='bbox 925 2247 992 2283; x_wconf 90' lang='lat' dir='ltr'>uel</span> <span class='ocrx_word' id='word_1_350' title='bbox 1019 2247 1166 2294; x_wconf 86' lang='lat' dir='ltr'>optime</span> <span class='ocrx_word' id='word_1_351' title='bbox 1195 2246 1358 2283; x_wconf 84' lang='lat' dir='ltr'>dicendi</span> <span class='ocrx_word' id='word_1_352' title='bbox 1386 2246 1612 2283; x_wconf 87' lang='lat' dir='ltr'>uideretur.</span> 
     </span>
     <span class='ocr_line' id='line_1_39' title="bbox 138 2298 1611 2347; baseline -0.001 -11"><span class='ocrx_word' id='word_1_353' title='bbox 138 2300 208 2336; x_wconf 86' lang='lat' dir='ltr'>sed</span> <span class='ocrx_word' id='word_1_354' title='bbox 237 2311 324 2336; x_wconf 87' lang='lat' dir='ltr'>mea</span> <span class='ocrx_word' id='word_1_355' title='bbox 357 2299 517 2347; x_wconf 81' lang='lat' dir='ltr'>quidem</span> <span class='ocrx_word' id='word_1_356' title='bbox 547 2300 748 2342; x_wconf 79' lang='lat' dir='ltr'>sententia</span> <span class='ocrx_word' id='word_1_357' title='bbox 780 2300 922 2336; x_wconf 83' lang='lat' dir='ltr'>iuncta</span> <span class='ocrx_word' id='word_1_358' title='bbox 958 2300 1041 2336; x_wconf 84' lang='lat' dir='ltr'>ista</span> <span class='ocrx_word' id='word_1_359' title='bbox 1078 2303 1199 2346; x_wconf 83' lang='lat' dir='ltr'>atque</span> <span class='ocrx_word' id='word_1_360' title='bbox 1236 2298 1458 2335; x_wconf 79' lang='lat' dir='ltr'>indiscreta</span> <span class='ocrx_word' id='word_1_361' title='bbox 1493 2302 1611 2335; x_wconf 80' lang='lat' dir='ltr'>sunt.-</span> 
     </span>
     <span class='ocr_line' id='line_1_40' title="bbox 139 2351 1616 2400; baseline -0.001 -11"><span class='ocrx_word' id='word_1_362' title='bbox 139 2364 263 2400; x_wconf 83' lang='lat' dir='ltr'>neque</span> <span class='ocrx_word' id='word_1_363' title='bbox 282 2352 389 2390; x_wconf 85' lang='lat' dir='ltr'>enim</span> <span class='ocrx_word' id='word_1_364' title='bbox 407 2363 487 2389; x_wconf 83' lang='lat' dir='ltr'>esse</span> <span class='ocrx_word' id='word_1_365' title='bbox 506 2355 703 2388; x_wconf 85' lang='lat' dir='ltr'>oratorem</span> <span class='ocrx_word' id='word_1_366' title='bbox 720 2353 803 2388; x_wconf 83' lang='lat' dir='ltr'>nisi</span> <span class='ocrx_word' id='word_1_367' title='bbox 823 2352 966 2388; x_wconf 89' lang='lat' dir='ltr'>bonum</span> <span class='ocrx_word' id='word_1_368' title='bbox 983 2352 1118 2388; x_wconf 83' lang='lat' dir='ltr'>uirum</span> <span class='ocrx_word' id='word_1_369' title='bbox 1137 2351 1274 2388; x_wconf 84' lang='lat' dir='ltr'>iudico</span> <span class='ocrx_word' id='word_1_370' title='bbox 1297 2355 1337 2388; x_wconf 81' lang='lat' dir='ltr'>et</span> <span class='ocrx_word' id='word_1_371' title='bbox 1353 2351 1467 2399; x_wconf 85' lang='lat' dir='ltr'>fieri,</span> <span class='ocrx_word' id='word_1_372' title='bbox 1491 2351 1616 2388; x_wconf 82' lang='lat' dir='ltr'>etiam</span> 
     </span>
     <span class='ocr_line' id='line_1_41' title="bbox 139 2403 1616 2452; baseline -0.001 -10"><span class='ocrx_word' id='word_1_373' title='bbox 139 2407 176 2442; x_wconf 85' lang='lat' dir='ltr'>si</span> <span class='ocrx_word' id='word_1_374' title='bbox 193 2410 335 2452; x_wconf 84' lang='lat' dir='ltr'>potest,</span> <span class='ocrx_word' id='word_1_375' title='bbox 356 2405 462 2441; x_wconf 88' lang='lat' dir='ltr'>nolo.</span> <span class='ocrx_word' id='word_1_376' title='bbox 519 2405 542 2441; x_wconf 90' lang='lat'><strong>3</strong></span> <span class='ocrx_word' id='word_1_377' title='bbox 568 2405 589 2450; x_wconf 67' lang='grc' dir='ltr'>ξ</span> <span class='ocrx_word' id='word_1_378' title='bbox 610 2404 658 2444; x_wconf 89' lang='grc'>17</span> <span class='ocrx_word' id='word_1_379' title='bbox 686 2405 771 2442; x_wconf 87' lang='lat' dir='ltr'>iam</span> <span class='ocrx_word' id='word_1_380' title='bbox 795 2405 832 2441; x_wconf 85' lang='lat' dir='ltr'>si</span> <span class='ocrx_word' id='word_1_381' title='bbox 858 2405 990 2441; x_wconf 85' lang='lat' dir='ltr'>minor</span> <span class='ocrx_word' id='word_1_382' title='bbox 1012 2404 1059 2440; x_wconf 83' lang='lat' dir='ltr'>in</span> <span class='ocrx_word' id='word_1_383' title='bbox 1087 2404 1284 2450; x_wconf 76' lang='lat' dir='ltr'>eliyendis</span> <span class='ocrx_word' id='word_1_384' title='bbox 1313 2403 1521 2440; x_wconf 85' lang='lat' dir='ltr'>custodum</span> <span class='ocrx_word' id='word_1_385' title='bbox 1546 2404 1616 2440; x_wconf 86' lang='lat' dir='ltr'>uel</span> 
     </span>
     <span class='ocr_line' id='line_1_42' title="bbox 135 2456 1616 2506; baseline -0.001 -12"><span class='ocrx_word' id='word_1_386' title='bbox 135 2463 440 2506; x_wconf 86' lang='lat' dir='ltr'>praeceptorum</span> <span class='ocrx_word' id='word_1_387' title='bbox 458 2458 633 2494; x_wconf 83' lang='lat' dir='ltr'>nwribus</span> <span class='ocrx_word' id='word_1_388' title='bbox 654 2457 788 2506; x_wconf 83' lang='lat' dir='ltr'>fuerit</span> <span class='ocrx_word' id='word_1_389' title='bbox 808 2468 918 2502; x_wconf 86' lang='lat' dir='ltr'>cura,</span> <span class='ocrx_word' id='word_1_390' title='bbox 942 2456 1071 2504; x_wconf 82' lang='lat' dir='ltr'>pudet</span> <span class='ocrx_word' id='word_1_391' title='bbox 1096 2457 1243 2503; x_wconf 83' lang='lat' dir='ltr'>dicere,</span> <span class='ocrx_word' id='word_1_392' title='bbox 1268 2457 1314 2493; x_wconf 86' lang='lat' dir='ltr'>in</span> <span class='ocrx_word' id='word_1_393' title='bbox 1340 2467 1443 2504; x_wconf 79' lang='lat' dir='ltr'>quae</span> <span class='ocrx_word' id='word_1_394' title='bbox 1463 2456 1616 2504; x_wconf 86' lang='lat' dir='ltr'>probra</span> 
     </span>
     <span class='ocr_line' id='line_1_43' title="bbox 140 2508 1615 2559; baseline -0.001 -13"><span class='ocrx_word' id='word_1_395' title='bbox 140 2511 311 2559; x_wconf 81' lang='lat' dir='ltr'>nefandi</span> <span class='ocrx_word' id='word_1_396' title='bbox 344 2511 519 2547; x_wconf 83' lang='lat' dir='ltr'>homines</span> <span class='ocrx_word' id='word_1_397' title='bbox 551 2511 629 2547; x_wconf 82' lang='lat' dir='ltr'>isto</span> <span class='ocrx_word' id='word_1_398' title='bbox 659 2510 853 2547; x_wconf 85' lang='lat' dir='ltr'>caedendi</span> <span class='ocrx_word' id='word_1_399' title='bbox 885 2510 974 2546; x_wconf 88' lang='lat' dir='ltr'>iure</span> <span class='ocrx_word' id='word_1_400' title='bbox 1003 2509 1239 2553; x_wconf 83' lang='lat' dir='ltr'>abutantur,</span> <span class='ocrx_word' id='word_1_401' title='bbox 1269 2520 1390 2557; x_wconf 83' lang='lat' dir='ltr'>quam</span> <span class='ocrx_word' id='word_1_402' title='bbox 1419 2508 1485 2545; x_wconf 90' lang='lat' dir='ltr'>det</span> <span class='ocrx_word' id='word_1_403' title='bbox 1517 2509 1615 2546; x_wconf 76' lang='lat' dir='ltr'>aliis</span> 
     </span>
     <span class='ocr_line' id='line_1_44' title="bbox 142 2562 1614 2611; baseline -0.001 -12"><span class='ocrx_word' id='word_1_404' title='bbox 142 2574 296 2611; x_wconf 79' lang='lat' dir='ltr'>quoque</span> <span class='ocrx_word' id='word_1_405' title='bbox 315 2574 612 2610; x_wconf 79' lang='lat' dir='ltr'>nonnumquam</span> <span class='ocrx_word' id='word_1_406' title='bbox 630 2563 873 2599; x_wconf 83' lang='lat' dir='ltr'>occasionem</span> <span class='ocrx_word' id='word_1_407' title='bbox 893 2563 958 2599; x_wconf 86' lang='lat' dir='ltr'>hic</span> <span class='ocrx_word' id='word_1_408' title='bbox 980 2562 1215 2598; x_wconf 84' lang='lat' dir='ltr'>miserorum</span> <span class='ocrx_word' id='word_1_409' title='bbox 1237 2567 1377 2598; x_wconf 86' lang='lat' dir='ltr'>metus.</span> <span class='ocrx_word' id='word_1_410' title='bbox 1432 2573 1513 2598; x_wconf 78' lang='lat' dir='ltr'>non</span> <span class='ocrx_word' id='word_1_411' title='bbox 1536 2572 1614 2598; x_wconf 89' lang='lat' dir='ltr'>mo·</span> 
     </span>
     <span class='ocr_line' id='line_1_45' title="bbox 141 2613 1615 2663; baseline -0.001 -11"><span class='ocrx_word' id='word_1_412' title='bbox 141 2616 263 2653; x_wconf 85' lang='lat' dir='ltr'>rabor</span> <span class='ocrx_word' id='word_1_413' title='bbox 289 2616 335 2652; x_wconf 86' lang='lat' dir='ltr'>in</span> <span class='ocrx_word' id='word_1_414' title='bbox 356 2620 476 2663; x_wconf 88' lang='lat' dir='ltr'>parte</span> <span class='ocrx_word' id='word_1_415' title='bbox 507 2616 605 2652; x_wconf 85' lang='lat' dir='ltr'>hac:</span> <span class='ocrx_word' id='word_1_416' title='bbox 641 2616 813 2652; x_wconf 81' lang='lat' dir='ltr'>nimium</span> <span class='ocrx_word' id='word_1_417' title='bbox 841 2619 899 2651; x_wconf 83' lang='lat' dir='ltr'>est</span> <span class='ocrx_word' id='word_1_418' title='bbox 927 2615 1034 2662; x_wconf 80' lang='lat' dir='ltr'>quod</span> <span class='ocrx_word' id='word_1_419' title='bbox 1060 2614 1329 2660; x_wconf 66' lang='lat' dir='ltr'>intellegitur.</span> <span class='ocrx_word' id='word_1_420' title='bbox 1387 2625 1511 2662; x_wconf 81' lang='lat' dir='ltr'>quare</span> <span class='ocrx_word' id='word_1_421' title='bbox 1543 2613 1615 2650; x_wconf 85' lang='lat' dir='ltr'>hoc</span> 
     </span>
     <span class='ocr_line' id='line_1_46' title="bbox 143 2667 1617 2716; baseline -0.001 -10"><span class='ocrx_word' id='word_1_422' title='bbox 143 2669 292 2706; x_wconf 71' lang='lat' dir='ltr'>dixisse</span> <span class='ocrx_word' id='word_1_423' title='bbox 323 2669 424 2705; x_wconf 81' lang='lat' dir='ltr'>satis</span> <span class='ocrx_word' id='word_1_424' title='bbox 463 2673 543 2706; x_wconf 83' lang='lat' dir='ltr'>est:</span> <span class='ocrx_word' id='word_1_425' title='bbox 587 2669 633 2705; x_wconf 84' lang='lat' dir='ltr'>in</span> <span class='ocrx_word' id='word_1_426' title='bbox 669 2672 842 2706; x_wconf 89' lang='lat' dir='ltr'>aetatem</span> <span class='ocrx_word' id='word_1_427' title='bbox 879 2667 1081 2716; x_wconf 86' lang='lat' dir='ltr'>infirmam</span> <span class='ocrx_word' id='word_1_428' title='bbox 1118 2671 1156 2704; x_wconf 88' lang='lat' dir='ltr'>et</span> <span class='ocrx_word' id='word_1_429' title='bbox 1192 2667 1374 2704; x_wconf 83' lang='lat' dir='ltr'>iniuriae</span> <span class='ocrx_word' id='word_1_430' title='bbox 1407 2667 1617 2704; x_wconf 73' lang='lat' dir='ltr'>obnoxiam</span> 
     </span>
    </p>
   </div>
   <div class='ocr_carea' id='block_1_5' title="bbox 1706 0 1823 2306">
    <p class='ocr_par' dir='ltr' id='par_1_5' title="bbox 1706 0 1823 2306">
     <span class='ocr_line' id='line_1_47' title="bbox 1706 0 1823 2306; baseline 0 0"><span class='ocrx_word' id='word_1_431' title='bbox 1706 0 1823 2306; x_wconf 95' lang='lat' dir='ltr'> </span> 
     </span>
    </p>
   </div>
   <div class='ocr_carea' id='block_1_6' title="bbox 1802 2318 1812 2330">
    <p class='ocr_par' dir='ltr' id='par_1_6' title="bbox 1802 2318 1812 2330">
     <span class='ocr_line' id='line_1_48' title="bbox 1802 2318 1812 2330; baseline 0 670"><span class='ocrx_word' id='word_1_432' title='bbox 1802 2318 1812 2330; x_wconf 95' lang='lat' dir='ltr'> </span> 
     </span>
    </p>
   </div>
   <div class='ocr_carea' id='block_1_7' title="bbox 1798 2442 1812 2634">
    <p class='ocr_par' dir='ltr' id='par_1_7' title="bbox 1798 2442 1812 2634">
     <span class='ocr_line' id='line_1_49' title="bbox 1798 2442 1812 2634; baseline 0 366"><span class='ocrx_word' id='word_1_433' title='bbox 1798 2442 1812 2634; x_wconf 95' lang='lat' dir='ltr'> </span> 
     </span>
    </p>
   </div>
   <div class='ocr_carea' id='block_1_8' title="bbox 1802 2736 1812 2746">
    <p class='ocr_par' dir='ltr' id='par_1_8' title="bbox 1802 2736 1812 2746">
     <span class='ocr_line' id='line_1_50' title="bbox 1802 2736 1812 2746; baseline 0 254"><span class='ocrx_word' id='word_1_434' title='bbox 1802 2736 1812 2746; x_wconf 95' lang='lat' dir='ltr'> </span> 
     </span>
    </p>
   </div>
   <div class='ocr_carea' id='block_1_9' title="bbox 1802 2936 1812 2966">
    <p class='ocr_par' dir='ltr' id='par_1_9' title="bbox 1802 2936 1812 2966">
     <span class='ocr_line' id='line_1_51' title="bbox 1802 2936 1812 2966; baseline 0 34"><span class='ocrx_word' id='word_1_435' title='bbox 1802 2936 1812 2966; x_wconf 95' lang='lat' dir='ltr'> </span> 
     </span>
    </p>
   </div>
   <div class='ocr_carea' id='block_1_10' title="bbox 1802 2986 1812 2996">
    <p class='ocr_par' dir='ltr' id='par_1_10' title="bbox 1802 2986 1812 2996">
     <span class='ocr_line' id='line_1_52' title="bbox 1802 2986 1812 2996; baseline 0 4"><span class='ocrx_word' id='word_1_436' title='bbox 1802 2986 1812 2996; x_wconf 95' lang='lat' dir='ltr'> </span> 
     </span>
    </p>
   </div>
  </div>
 </body>
</html>
