1823 3000
624 247 740 290 XVI
800 247 1030 291 S—XVII
1094 251 1115 289 1
1564 256 1620 297 29

128 351 380 396 calcietur:
431 347 595 394 omnia
646 348 747 393 sola
801 346 1091 408 praestabo.'
1160 363 1261 393 non
1310 347 1620 409 impetrauit:
1642 376 1662 406 9

129 432 363 477 conduxit
404 427 712 491 piscatoriam
752 428 1012 473 nauculam
1058 428 1324 489 ingensque
1369 429 1622 490 nauigium

126 514 329 558 minimo
384 516 549 557 secuta
609 515 692 555 est.
779 509 945 554 eadem
993 511 1123 570 apud
1174 510 1434 555 Claudium
1478 511 1624 556 uxori

129 591 444 648 Scriboniani,
482 605 592 634 cum
637 588 724 633 illa
757 589 1070 648 profiteretur
1103 589 1354 643 indicium,
1393 591 1517 649 ‘ego'
1553 589 1623 634 in-

76 682 103 726 5
128 672 237 733 quit
264 673 332 715 ‘te
356 668 565 724 audiam,
602 667 740 712 cuius
775 667 827 711 in
859 667 1042 728 gremio
1068 666 1414 712 Scribonianus
1439 668 1621 714 occisus

127 757 215 809 est,
247 756 297 797 et
331 750 508 796 uiuis‘l'
577 764 639 794 ex
680 764 776 809 quo
812 748 1126 793 manifestum
1176 753 1251 794 est
1285 749 1330 794 ei
1366 749 1622 794 consilium

127 830 478 893 pulcherrimae
501 828 673 873 mortis
696 844 795 872 non
827 828 1046 873 subitum
1078 827 1240 874 fuisse.
1313 829 1435 889 quin
1458 829 1618 886 etiam,
1649 857 1688 877 10

128 927 238 957 cum
261 911 486 966 Thrasea,
512 925 659 971 gener
677 909 792 966 eius,
816 909 1157 970 deprecaretur
1179 924 1241 953 ne
1261 910 1383 954 mori
1402 915 1624 970 pergeret

127 992 351 1052 interque
397 990 495 1036 alia
530 990 734 1035 dixisset,
774 989 870 1034 ‘uis
903 1005 1015 1050 ergo
1050 989 1203 1034 filiam
1237 994 1386 1047 tuam,
1426 990 1468 1035 si
1502 990 1624 1035 mihi

47 1079 106 1124 10
128 1071 430 1134 pereundum
453 1070 617 1127 fuerit,
644 1071 767 1115 mori
788 1072 1021 1116 mecuml'
1048 1070 1300 1130 respondit:
1329 1071 1390 1116 ‘si
1413 1076 1513 1116 tam
1540 1071 1624 1116 diu

128 1157 364 1211 tantaque
411 1149 667 1194 concordia
714 1149 898 1194 uixerit
953 1154 1129 1207 tecum,
1181 1165 1329 1210 quam
1382 1165 1468 1211 ego
1515 1167 1624 1195 cum

131 1231 299 1296 Paeto,
327 1229 470 1276 uolo!
557 1236 766 1275 auxerat
802 1230 892 1275 hoc
934 1246 1164 1291 responso
1207 1247 1372 1276 curam
1410 1247 1622 1289 suorum,
1651 1260 1685 1280 11

130 1312 370 1359 attentius
394 1312 780 1358 custodiebatur:
817 1312 970 1357 sensit
994 1319 1043 1357 et
1070 1312 1216 1356 ‘nihil
1242 1313 1386 1372 agitis
1403 1314 1412 1332 ’
1437 1312 1624 1373 inquit:

134 1393 362 1454 ‘potestis
386 1393 516 1438 enim
541 1393 724 1438 efficere
749 1398 806 1437 ut
841 1393 967 1438 male
1000 1393 1191 1452 moriar,
1220 1401 1277 1439 ut
1312 1409 1411 1438 non
1446 1394 1625 1439 moriar

49 1478 107 1522 15
130 1488 230 1518 non
253 1472 483 1534 potestis!
553 1472 671 1517 dum
696 1472 815 1517 haec
841 1472 974 1529 dicit,
1003 1473 1180 1518 exiluit
1206 1473 1435 1519 cathedra
1459 1474 1624 1519 aduer-
1650 1497 1686 1518 12

131 1569 278 1614 soque
300 1552 476 1614 parieti
501 1558 647 1613 caput
671 1552 862 1612 ingenti
884 1552 1072 1613 impetu
1098 1553 1302 1614 impegit
1339 1561 1388 1599 et
1425 1554 1619 1600 corruit.

130 1631 327 1677 focilata
354 1632 617 1677 ‘dixeram'
642 1632 805 1692 inquit
826 1632 989 1677 ‘uobis
1013 1633 1330 1686 inuenturam
1357 1650 1433 1679 me
1459 1651 1624 1695 quam-

131 1713 252 1758 libet
289 1712 462 1757 duram
498 1712 560 1757 ad
597 1718 803 1757 mortem
845 1713 990 1770 uiam,
1029 1714 1069 1758 si
1109 1730 1197 1759 uos
1235 1715 1425 1760 facilem
1464 1731 1627 1776 negas-

132 1793 278 1839 setis.'
346 1793 641 1838 uidenturne
677 1793 793 1838 haec
827 1793 923 1838 tibi
957 1793 1139 1839 maiora
1174 1794 1261 1840 illo
1290 1795 1481 1853 ‘Paete,
1527 1811 1625 1841 non
1653 1814 1688 1843 13

51 1875 112 1920 20
133 1872 295 1929 dolet,’
320 1872 381 1917 ad
409 1872 540 1933 quod
573 1888 658 1934 per
691 1872 809 1918 haec
833 1879 1127 1933 peruentum
1152 1875 1260 1919 est?
1295 1890 1404 1919 cum
1429 1874 1626 1919 interim

133 1954 258 2000 illud
303 1953 500 2016 quidem
544 1955 717 2015 ingens
763 1953 908 2010 fama,
965 1954 1082 2000 haec
1136 1956 1274 2001 nulla
1331 1955 1621 2001 circumfert.

135 2035 264 2082 unde
288 2034 536 2096 colligitur
559 2035 689 2096 quod
712 2035 857 2081 initio
889 2035 1008 2092 dixi,
1035 2035 1131 2082 alia
1163 2052 1264 2083 esse
1292 2037 1495 2083 clariora
1532 2037 1627 2082 alia

135 2115 328 2161 maiora,
389 2114 510 2162 uale.

798 2208 966 2254 XVII

55 2295 114 2340 25
383 2299 429 2339 C.
458 2300 683 2341 PLDJIVS
710 2300 865 2341 IVLIO
897 2301 1176 2341 SERVIANO
1208 2302 1310 2342 SVO
1344 2302 1386 2340 S.

237 2381 452 2429 Rectene
490 2383 665 2441 omnia,
710 2384 839 2446 quod
880 2384 978 2430 iam
1014 2385 1202 2446 pridem
1241 2384 1476 2446 epistulae
1513 2389 1626 2431 tuae
1653 2412 1667 2432 1

219 2489 243 2525 2
271 2489 501 2529 nauculam
527 2494 563 2530 V
615 2491 862 2531 nauiculam
889 2496 1080 2540 MFDpra
1231 2492 1256 2530 4
1278 2490 1363 2530 and
1393 2492 1442 2530 13
1469 2491 1555 2531 and.
1575 2493 1626 2534 17

139 2554 287 2604 inquid
305 2559 413 2596 MV?
582 2559 607 2599 9
635 2559 809 2600 dixisset
827 2560 893 2599 uis
911 2565 1024 2601 MVD
1079 2560 1232 2599 dixisse
1249 2564 1299 2599 tu
1317 2560 1354 2598 is
1371 2563 1402 2599 1-·
1455 2560 1627 2600 dixisset

140 2627 188 2663 tu
205 2623 273 2662 uis
290 2635 372 2672 pra
533 2626 584 2664 14
610 2630 660 2666 ut
678 2639 766 2666 non
784 2628 942 2667 moriar
971 2632 1084 2668 MVD
1139 2641 1193 2667 ne
1220 2627 1379 2667 moriar
1406 2631 1518 2676 rpra
1573 2629 1623 2668 16

141 2690 277 2741 capud
295 2693 338 2730 Μ
502 2693 552 2731 25
579 2693 735 2733 IVLIO
756 2707 831 2734 om.
852 2699 1093 2744 MVPDpra:
1125 2699 1134 2717 ‘
1149 2697 1453 2736 Riccardianus
1470 2698 1517 2735 in
1537 2698 1622 2736 ind.
