1775 3010
132 225 157 267 6
178 227 219 276 7]
431 222 690 273 RELIQVA.
749 221 1025 261 FARMERS.
1086 217 1312 260 SLAVES.
1526 215 1604 256 247

125 321 254 372 fundi
283 320 330 358 de
360 320 474 357 rebus
504 319 648 363 coloni,
680 329 780 366 quas
808 317 845 354 is
870 329 946 366 pro
975 315 1220 354 mercedibus
1242 313 1371 362 fundi
1402 309 1607 361 pignori

124 375 296 424 suturas
309 373 545 421 pepiyisset.
590 371 692 408 inst.
712 370 818 407 Iust.
838 381 882 408 Π
901 369 924 408 6
945 371 966 417 ξ
984 369 1021 408 7.
1064 369 1113 407 15
1133 369 1208 416 §3-
1255 377 1436 409 RELIQVA
1453 365 1604 410 ἐλλείμ-

134 441 252 474 ματα,
277 425 344 463 die
362 425 499 470 Reste,
519 424 591 462 der
608 422 867 461 Riickstand.
913 422 1102 460 GESNER.
1155 418 1365 458 ‘an-ears)
1408 429 1453 455 IX
1471 418 1522 457 37
1541 419 1562 465 ξ
1580 417 1605 453 2

129 481 268 529 priore
290 480 427 523 lustro,
448 489 689 527 quamquam
707 481 800 525 post
818 487 984 523 maynas
1004 475 1269 517 remissiones,
1290 470 1485 519 reliqua
1513 481 1608 508 cre·

134 533 332 570 uerunt.
388 532 482 569 inde
497 531 700 579 plerisque
721 529 840 566 nulla
858 530 943 566 iam
962 540 1060 566 cura
1083 527 1293 565 minuendi
1322 527 1430 563 aeris
1459 523 1601 570 alieni,

135 586 242 635 quod
261 586 469 633 desperant
482 595 597 632 posse
611 583 793 632 persolui
801 595 816 626 ,·
842 583 1013 630 rapiunt
1031 582 1156 618 etiam
1173 583 1484 626 consumuntque
1504 575 1611 625 quod

136 644 277 678 natum
295 643 366 682 est,
386 643 433 674 ut
452 638 523 685 qui
542 637 625 673 iam
637 640 783 684 putent
801 647 842 672 se
860 647 940 672 non
958 635 1039 671 sibi
1052 645 1236 682 parcere.
1278 631 1453 679 “Spart.
1473 628 1605 668 Hadr.

137 692 161 730 7
181 693 201 739 ξ
221 692 244 730 6
269 689 444 728 Casaub.
476 689 604 727 Salm.
634 690 679 726 in
701 689 929 737 prouinciis
956 699 1051 724 uero
1080 688 1204 724 etiam
1232 697 1280 723 ex
1307 682 1521 730 reliquis
1550 683 1611 719 in·

136 750 272 793 ,qentes
294 755 464 781 summas
489 743 653 780 remisit.
715 740 853 778 Plaut.
874 743 982 788 capt.
1003 739 1108 788 prol.
1130 739 1180 778 16
1209 738 1338 777 Gron.
1399 735 1484 776 Cic.
1505 735 1605 774 fam.

136 808 218 835 xnI
251 796 301 835 66
333 794 505 834 Graev.”
561 794 715 832 Comss.
773 793 829 830 ib.
862 805 898 830 11
937 794 985 830 13
1015 794 1036 840 ξ
1066 794 1104 830 8.
1161 792 1286 840 χρεῶν
1317 788 1478 835 ὀφειλάς
1507 789 1611 825 Eus.

137 849 282 888 chron.
308 861 391 888 ΑΛ).
422 847 668 886 120=Hier.
697 846 892 894 reliqua
920 847 1160 883 tributorum
1186 843 1280 894 (v111
1310 845 1385 882 701
1415 841 1474 882 ed.
1506 841 1609 880 Ven.

140 902 275 954 1768).
331 902 403 940 Gr.
424 901 624 945 λοιπάδας,
645 901 945 949 λοιπογραφίας.
991 898 1169 946 Quintil.
1189 909 1234 934 V1
1252 898 1276 934 3
1297 899 1317 944 ξ
1337 898 1386 935 93
1410 893 1616 945 (a-Saying

139 955 185 994 of
199 955 411 993 Domitius
431 954 544 1002 Afer)
564 955 846 1003 dispensatori,
868 954 951 1001 qui,
972 964 1060 990 cum
1077 950 1274 998 reliqua
1302 962 1382 987 non
1406 948 1615 997 responde-

137 1014 240 1054 rent,
261 1009 419 1046 dicebat
437 1008 605 1045 subinde
627 1014 729 1044 ‘non
747 1007 898 1044 comedi
912 1017 1060 1054 panem
1072 1009 1111 1042 et
1123 1015 1273 1052 aquam
1286 1001 1420 1040 bibo:'
1444 1005 1610 1050 ‘possen

138 1063 257 1102 redde
286 1062 392 1111 quod
420 1060 564 1100 debes.’
621 1060 793 1098 Simas.
855 1060 1110 1104 ἐλλείμματα.
1167 1056 1220 1105 gl.
1254 1055 1390 1101 λοιπά,
1419 1065 1609 1096 RELIQVA.

140 1114 370 1153 Cisicssox.
427 1125 673 1152 comxonvn
693 1114 863 1150 tenants
883 1110 1126 1158 Marquardt
1147 1108 1409 1147 Privatleben
1435 1119 1451 1144 1
1472 1107 1615 1146 136-7.

140 1167 274 1206 P1.1et
291 1166 360 1205 hjs
377 1170 532 1205 estates
553 1169 628 1214 (vn
648 1167 699 1204 30
719 1167 772 1213 §3
786 1165 920 1202 where
939 1164 991 1202 he
1011 1163 1244 1211 complains
1263 1163 1305 1200 of
1324 1161 1395 1199 the
1415 1159 1619 1207 difficulty

141 1221 188 1259 of
205 1220 368 1269 finding
388 1220 549 1258 solvent
569 1223 759 1257 tenants:
790 1219 888 1256 adeo
911 1229 1046 1255 rarum
1066 1223 1123 1254 est
1144 1217 1327 1254 inuenire
1349 1216 1509 1252 idoneos
1529 1225 1616 1252 con-

141 1276 337 1318 ductores)
368 1286 422 1311 on
448 1285 472 1311 a
499 1273 577 1310 five
600 1271 732 1320 years’
758 1271 866 1309 lease
889 1272 948 1319 (1x
968 1271 1016 1309 37
1038 1272 1058 1317 ξ
1078 1271 1134 1317 2),
1155 1269 1230 1307 but
1249 1266 1435 1306 resolved
1461 1270 1504 1304 to
1529 1265 1620 1314 give

142 1339 168 1366 a
186 1327 329 1375 longer
347 1326 469 1373 lease,
493 1328 567 1364 not
588 1328 630 1364 at
651 1337 675 1363 a
695 1324 802 1363 fixed
822 1327 927 1369 rent,
948 1323 1023 1361 but
1050 1322 1113 1360 for
1140 1333 1163 1359 a
1189 1321 1350 1360 certain
1375 1317 1620 1369 proportion

142 1380 192 1418 of·
213 1379 285 1419 tho
312 1380 471 1428 profits,
493 1378 578 1417 and
606 1382 649 1417 to
679 1378 852 1427 appoint
881 1377 1113 1424 inspeetors
1145 1375 1213 1427 (ib.
1240 1377 1303 1422 §3
1334 1373 1621 1412 occurrendum

143 1445 235 1482 erqo
255 1434 558 1482 auyescentibus
586 1433 706 1470 uitiis
733 1438 770 1469 et
798 1432 1029 1468 medendum
1052 1435 1122 1466 est.
1178 1429 1361 1466 medendi
1390 1439 1473 1464 una
1497 1427 1620 1468 ratio,

141 1488 179 1525 εἰ
196 1498 278 1524 non
294 1498 464 1529 numm0,
478 1487 547 1523 sed
560 1486 749 1534 partibus
772 1485 891 1522 locem
911 1495 958 1521 ac
978 1483 1120 1520 deinde
1138 1494 1186 1518 ex
1203 1483 1297 1518 meis
1312 1481 1472 1528 aliquos
1489 1480 1622 1527 operis

142 1545 343 1578 exactores
370 1540 548 1577 custodes
569 1539 774 1588 fructibus
791 1538 1026 1586 ponam...§
1055 1536 1080 1572 4
1108 1541 1152 1572 at
1183 1535 1253 1572 hoc
1279 1545 1464 1582 maynam
1481 1533 1621 1582 fidem,

142 1594 251 1631 acris
279 1592 424 1638 oculos,
449 1603 677 1630 numerosas
706 1603 845 1628 manus
869 1591 1032 1638 poscit).
1089 1587 1142 1625 cf.
1163 1587 1218 1624 ib.
1241 1586 1291 1624 36
1317 1586 1395 1634 §6.
1443 1598 1470 1623 x
1493 1586 1517 1622 8
1542 1584 1620 1634 (24)

143 1647 200 1694 §5
215 1657 552 1694 a9rorum...quos
572 1646 615 1682 in
635 1645 771 1682 eadem
791 1644 951 1691 reqione
971 1640 1203 1690 possideo
1225 1639 1526 1678 locatio...adeo
1545 1650 1625 1676 non

136 1704 272 1749 potest
301 1699 475 1747 differri,
496 1704 543 1736 ut
565 1699 792 1747 proximam
814 1698 1071 1746 putationem
1098 1706 1225 1732 nouus
1254 1692 1463 1731 colonus
1483 1692 1623 1742 facere

144 1753 298 1791 debeat.

225 1834 246 1881 ἕ
275 1838 298 1872 7
325 1831 352 1872 1.
378 1832 428 1869 12
457 1842 713 1869 nzs‘mvnxm
733 1827 871 1868 coloni
890 1839 942 1866 Eo
962 1840 1122 1875 PLVRIS,
1140 1838 1245 1871 Qvon
1263 1837 1390 1864 raven
1411 1835 1626 1863 MANCIPIIS

144 1885 168 1925 Ι
186 1888 301 1923 must
322 1887 385 1923 set
403 1897 460 1933 up
480 1884 553 1922 the
571 1886 756 1931 tenants,
773 1884 888 1920 must
908 1881 1074 1919 furnish
1088 1881 1198 1918 their
1213 1880 1345 1918 farms
1360 1878 1462 1916 with
1477 1878 1623 1922 slaves,

146 1941 190 1977 at
209 1938 281 1978 the
299 1941 460 1987 greater
484 1940 574 1975 eost
599 1936 776 1975 because
802 1935 904 1983 they
922 1936 1036 1972 must
1064 1933 1190 1972 needs
1217 1933 1268 1971 be
1293 1932 1447 1970 honest
1473 1931 1619 1969 slaves.

148 1992 226 2032 See
243 1991 450 2040 Daubeny
467 1990 632 2028 Roman
651 1988 909 2037 husbandry,
930 1987 1024 2025 Oxf.
1048 1988 1163 2026 1857.
1217 1987 1274 2024 Η.
1294 1985 1352 2023 Μ.
1375 1985 1558 2023 Gemzoe
1577 1983 1627 2022 de

146 2044 307 2084 colonis
327 2043 389 2094 (in
409 2043 608 2092 opuscula
627 2042 775 2091 philol.
797 2041 850 2080 ad
863 2042 921 2080 Io.
941 2041 991 2080 N.
1009 2039 1268 2088 Madvigium
1282 2038 1414 2077 missa
1431 2035 1627 2076 Hauniae

148 2097 252 2138 1876
272 2097 496 2148 267-278)
517 2096 648 2145 citing
668 2096 829 2134 Colum.
855 2106 870 2132 1
891 2095 928 2133 7.
976 2094 1110 2132 Varro
1130 2106 1197 2132 rs.
1223 2105 1240 2130 1
1261 2093 1285 2130 2
1305 2095 1325 2140 ξ
1348 2093 1410 2132 17.
1449 2102 1484 2128 11
1503 2092 1526 2129 3
1547 2092 1568 2138 ς
1589 2092 1626 2130 7.

148 2150 236 2189 Cic.
254 2161 296 2199 p.
318 2150 483 2189 Caecin.
508 2151 527 2197 ξ
546 2150 610 2189 94.
651 2149 721 2188 off.
747 2160 798 2186 111
819 2150 840 2195 ἓ
859 2149 910 2186 88
931 2146 992 2198 (9).
1054 2146 1171 2184 Caes.
1191 2145 1231 2185 b.
1256 2157 1288 2185 c.
1314 2157 1330 2182 1
1349 2146 1401 2183 34
1421 2146 1441 2192 g
1461 2145 1499 2182 2.
1540 2142 1625 2181 Cic.

149 2203 248 2242 fam.
272 2214 353 2241 nn
380 2204 427 2240 11
452 2206 473 2251 ξ
494 2204 530 2242 1.
588 2202 688 2241 Luc.
716 2213 733 2239 1
762 2202 840 2241 170
869 2203 989 2250 longa
1017 2201 1088 2238 sub
1116 2201 1268 2248 iqnotis
1296 2199 1502 2237 extendere
1529 2208 1629 2234 rura

149 2256 358 2295 colonis.
417 2256 514 2294 Sen.
536 2257 673 2303 tranq.
694 2256 718 2293 8
738 2257 759 2302 ξ
780 2256 817 2292 5.
862 2266 926 2302 ep.
948 2254 999 2291 88
1019 2255 1040 2300 ἓ
1061 2253 1122 2292 12.
1174 2253 1249 2289 123
1269 2254 1289 2300 ξ
1310 2254 1348 2290 2.
1404 2251 1440 2287 Α
1459 2249 1569 2288 farm
1590 2248 1628 2287 is

150 2308 284 2348 called
314 2310 475 2347 colonia
504 2308 666 2347 Colum.
699 2319 744 2345 XI
777 2309 798 2345 1
829 2309 850 2355 ἓ
880 2308 932 2344 23
965 2305 1023 2356 (of
1054 2305 1127 2344 the
1158 2305 1324 2353 uilicus)
1358 2315 1485 2352 neque
1523 2304 1630 2341 enim

150 2361 381 2401 coloniae
408 2373 504 2399 suae
525 2363 712 2399 terminos
732 2362 869 2409 effredi
896 2361 1022 2398 debet.
1079 2359 1174 2397 Seu.
1196 2358 1292 2397 ben.
1316 2368 1360 2394 VI
1383 2358 1409 2394 4
1434 2359 1454 2404 ξ
1474 2356 1512 2393 4.
1566 2367 1629 2394 v11

151 2416 177 2454 5
205 2417 227 2463 ς
254 2415 293 2454 2.
352 2426 467 2453 cons.
488 2414 613 2452 Helu.
640 2414 690 2452 12
716 2415 796 2462 §5.
853 2411 999 2450 Claud.
1019 2411 1142 2450 Eutr.
1163 2423 1198 2448 11
1224 2411 1316 2448 205.
1372 2419 1630 2447 msa-numm

151 2480 232 2507 vm
263 2468 313 2505 18
342 2469 364 2515 ς
397 2468 446 2505 11
478 2465 1189 2507 hortos...instruxerit..statuis.
1246 2474 1372 2501 mvcn
1402 2474 1418 2500 1
1450 2462 1501 2500 21
1531 2463 1553 2510 ξ
1585 2462 1623 2502 2.

151 2532 250 2571 pan.
274 2522 338 2560 88.

233 2604 323 2632 nm
352 2592 524 2632 ‘honest
543 2592 690 2642 slaves,
713 2593 736 2631 I
755 2605 842 2642 say,
855 2592 954 2644 sor!

232 2667 263 2708 l.
282 2667 334 2707 13
359 2678 442 2708 πο
468 2678 562 2707 u’sn·
585 2679 744 2712 vsovm
767 2677 939 2706 vnn-cros
963 2677 1101 2706 mmm
1128 2677 1175 2704 xx
1193 2666 1245 2704 28
1263 2666 1284 2714 ἓ
1303 2664 1328 2703 4
1349 2662 1561 2715 polliceris
1585 2663 1633 2702 in
