1775 3010
163 231 239 270 232
302 230 645 271 CODIClLLOS.
673 230 963 271 LIBELLOS.
994 229 1331 270 COMMODVM.
1380 230 1537 280 [XVHI
1556 232 1581 270 3
1601 231 1626 269 4

161 323 315 364 Com.
376 323 461 362 Cic.
493 324 607 362 Verr.
640 336 667 362 v
695 326 717 372 ᾖ
746 325 796 363 93
827 323 1079 373 praedonum
1115 324 1335 361 aduentum
1369 324 1630 373 significabat

159 375 296 424 ignis
325 387 348 415 e
378 377 583 425 specula
614 376 866 415 sublatus.
922 377 985 416 Pl.
1007 389 1104 425 pan.
1126 377 1177 415 86
1196 380 1217 425 ξ
1236 376 1261 413 4
1278 377 1392 414 stetit
1414 377 1566 415 Caesar
1582 377 1630 414 in

159 430 239 468 illa
257 431 465 468 amicitiae
492 429 711 478 specula.
768 440 876 472 Qvon
905 441 1141 473 SEQVANTVR
1160 440 1259 478 pan.
1280 429 1305 466 4
1323 439 1385 478 pr.
1403 429 1629 478 parendum

160 487 219 520 est
237 488 397 520 senatus
418 483 610 527 consulto,
632 494 708 531 quo
729 494 777 520 ex
804 483 989 520 utilitate
1012 483 1182 531 publica
1203 483 1367 531 placuit
1384 487 1431 519 ut
1456 482 1628 520 consulis

159 546 255 572 uoce
284 535 356 572 sub
387 536 508 573 titulo
534 537 763 584 gratiarum
789 536 1036 582 agendarum
1064 533 1184 572 boni
1212 533 1473 583 principes
1501 545 1629 582 quae

160 586 392 626 facerent
419 589 855 636 recognoscerent,
875 587 996 626 mali
1015 599 1145 636 quae
1173 587 1342 625 facere
1369 586 1640 636 deberent.⁴

239 664 268 702 1.
287 665 339 702 24
359 675 468 702 IDEM
485 676 715 704 VTEITATIS
732 677 749 703 1
768 666 792 704 7
812 668 832 714 ξ
852 665 875 703 1
894 664 1023 704 idem
1045 668 1259 715 potestatis
1278 664 1482 715 idemque
1501 667 1629 715 requi.

159 728 258 765 pan.
281 720 329 758 77
359 719 379 765 ἓ
406 717 429 755 6
458 719 545 767 quis
573 724 751 756 nostrum
777 718 906 756 idem
933 731 1067 764 curae,
1087 718 1218 756 idern
1245 720 1403 757 sudoris
1432 720 1629 758 insumit.²

160 770 319 808 KRAu'r.
375 771 441 810 On
460 770 532 809 the
552 770 764 809 chiasmus
783 772 834 809 cf.
857 774 898 820 ἓξ
919 772 955 812 5.
980 772 1016 811 7.
1059 772 1111 810 20
1130 775 1150 820 ἓ
1171 772 1237 810 81.

238 853 260 899 ξ
277 857 304 891 4
321 855 360 891 1².
386 857 433 891 31
451 852 480 889 l.
498 853 521 889 2
542 864 702 890 mmm
722 853 771 890 13
791 855 812 901 ς
831 853 854 890 1
873 865 917 891 n.
956 852 1050 892 Tac.
1067 852 1106 891 d.
1122 853 1171 891 21
1191 865 1254 902 pr.
1294 853 1321 892 1.
1345 854 1369 892 3
1389 864 1630 891 comemos

159 903 205 943 in
224 905 296 943 the
316 917 433 943 sense
454 904 519 956 (A)
542 905 587 943 of
603 905 751 944 codicil
768 908 811 944 to
831 918 855 944 a
869 906 955 943 will
973 918 1008 943 11
1023 906 1072 944 16
1092 908 1134 954 ἐξ
1148 907 1169 943 1
1188 907 1223 944 2.
1255 906 1307 944 20
1325 907 1396 954 §5-
1425 918 1469 943 vr
1487 906 1537 944 31
1557 908 1628 954 57.

163 957 228 1008 (Β)
249 958 459 1007 generally
478 958 523 996 of
538 957 690 996 tablets
709 971 751 996 vr
772 959 821 997 16
841 961 861 1007 ξ
879 960 917 998 8.
958 957 1022 1007 (C)
1043 970 1090 997 as
1108 959 1218 1005 here,
1239 959 1285 997 of
1301 971 1326 996 a
1343 959 1464 997 letter
1480 970 1507 996 x
1525 959 1550 996 4
1571 959 1626 1009 (3)

160 1012 223 1058 §2
245 1013 304 1058 (to
330 1010 401 1049 the
426 1010 644 1062 emperor).
699 1011 750 1049 cf.
774 1011 857 1049 Cic.
877 1012 977 1050 fam.
998 1022 1042 1049 rx
1068 1013 1117 1050 26
1145 1015 1166 1060 ξ
1186 1013 1207 1048 1
1237 1013 1499 1050 accubueram
1528 1013 1626 1050 hora

160 1075 278 1109 uona,
300 1075 389 1102 cum
408 1065 462 1101 ad
482 1070 517 1102 te
539 1065 680 1102 harum
700 1066 919 1114 exemplum
935 1066 980 1102 in
999 1063 1251 1102 codicillis
1271 1065 1453 1102 examiti.
1509 1063 1623 1103 Hier.

160 1127 223 1164 ep.
243 1117 268 1155 8
292 1115 432 1154 before
451 1116 522 1155 the
541 1129 615 1154 use
635 1117 680 1155 of
704 1129 832 1166 paper
851 1117 934 1155 and
952 1116 1198 1165 parchment
1217 1116 1289 1154 the
1307 1116 1483 1155 Italians
1502 1120 1629 1155 wrote

159 1174 233 1207 aut
251 1170 297 1207 in
315 1170 516 1208 dedolatis
537 1182 555 1207 e
578 1171 686 1218 liyno
707 1169 977 1207 codicillis.
1034 1169 1161 1207 Orelli
1179 1169 1302 1207 inser.
1321 1170 1476 1210 2902-3
1497 1169 1630 1208 slaves

159 1234 186 1260 a
214 1223 428 1260 codicillis.
484 1234 565 1260 PER
594 1234 791 1260 LIBELLOS
821 1222 916 1261 Tac.
941 1222 980 1260 d.
1002 1223 1025 1261 9
1053 1224 1372 1261 uersus...Basso
1401 1223 1508 1260 domi
1535 1234 1628 1260 nas-

159 1281 317 1320 cuntur,
332 1275 498 1324 pulchri
515 1276 675 1324 quidem
695 1282 733 1313 et
753 1277 934 1322 iucundi,
959 1287 1124 1324 quorum
1143 1280 1274 1313 tamen
1301 1276 1366 1313 lzic
1393 1277 1526 1313 exitus
1553 1281 1624 1322 est,

158 1332 217 1372 ut,
238 1339 325 1365 cum
354 1333 435 1365 toto
464 1340 582 1373 anno,
606 1340 683 1377 per
709 1340 838 1366 omnes
868 1330 966 1373 dies,
986 1340 1134 1376 masma
1160 1330 1335 1366 noctium
1357 1333 1478 1377 parte
1506 1340 1630 1366 unum

160 1381 307 1417 librum
321 1381 483 1418 excudit
504 1381 771 1425 elucubrauit,
788 1392 961 1428 rogare
981 1380 1115 1418 ultro
1135 1383 1180 1418 et
1200 1379 1388 1419 ambire
1408 1383 1627 1428 cogatur,

158 1435 213 1471 ut
233 1432 336 1470 sint
356 1433 440 1480 qui
467 1432 741 1480 dignentur
767 1433 960 1481 audire,
985 1436 1033 1472 et
1058 1445 1115 1471 ne
1140 1433 1189 1471 id
1216 1432 1413 1481 quidem
1438 1433 1625 1482 gratis:

158 1497 270 1523 nam
290 1487 338 1523 et
359 1485 554 1523 domum
567 1488 830 1524 mutuatur
850 1485 1220 1524 etauditorium
1237 1486 1430 1524 extruit
1450 1488 1498 1523 et
1519 1485 1627 1524 sub-

159 1538 310 1576 sellia
329 1537 569 1576 conducit
589 1541 634 1576 et
654 1538 858 1577 libellos
879 1538 1149 1587 dispergit.
1204 1539 1291 1576 IuV.
1313 1550 1375 1575 vn
1394 1539 1499 1576 40n.
1522 1539 1626 1577 84n.

160 1592 288 1629 libelli
311 1590 368 1641 (of
386 1590 527 1641 paper)
549 1603 652 1629 were
671 1604 726 1629 no
748 1591 876 1629 doubt
896 1591 1107 1640 dispersed
1126 1603 1239 1629 more
1259 1590 1407 1639 widely
1425 1590 1531 1629 than
1555 1591 1628 1629 the

159 1645 366 1688 codicilli,·
390 1644 473 1681 Cic.
494 1643 600 1683 Phil.
627 1656 661 1681 11
681 1647 701 1692 ἓ
721 1646 771 1684 97
789 1646 1065 1692 yladiatorum
1083 1643 1301 1691 libellos,
1321 1643 1402 1682 like
1421 1655 1496 1682 our
1513 1643 1626 1693 play-

161 1696 268 1736 bins.
330 1696 526 1734 Placards
564 1697 652 1735 also
680 1709 784 1735 were
823 1709 867 1734 so
904 1697 1036 1735 called
1064 1696 1145 1737 Cio.
1182 1696 1278 1734 Sen.
1310 1696 1419 1735 Suet.
1451 1696 1626 1735 Trebell.

163 1748 208 1786 in
240 1749 346 1787 lexx.
404 1749 524 1789 Mart.
558 1761 629 1787 xrv
657 1750 731 1787 142
761 1752 797 1787 si
825 1750 1133 1788 recitaturus
1161 1751 1302 1788 dedero
1331 1751 1408 1787 tibi
1429 1750 1539 1798 forte
1575 1749 1627 1787 li-

159 1801 362 1847 bellum,
389 1802 394 1841 Ι
422 1804 493 1840 hoc
506 1804 641 1851 focale
663 1809 752 1840 tuas
773 1804 934 1841 adserat
953 1804 1172 1847 auriculas,
1193 1802 1328 1840 where
1348 1803 1507 1840 libellus
1531 1814 1629 1852 may

157 1854 209 1892 be
238 1867 262 1893 a
296 1854 434 1898 ‘text’
489 1855 654 1893 Petron.
676 1858 725 1894 28
752 1857 806 1893 ad
830 1858 998 1893 ianuam
1020 1857 1288 1905 peruenimus,
1313 1856 1358 1893 in
1377 1856 1492 1893 cuius
1514 1861 1628 1904 poste

158 1907 368 1945 libellus
397 1914 485 1946 erat
511 1920 599 1946 cum
627 1910 700 1946 hac
723 1911 1131 1958 inscriptionefioeus:
1164 1909 1368 1956 ‘quisquis
1386 1920 1524 1946 seruus
1543 1910 1628 1946 sine

161 1961 358 1998 dominico
378 1962 491 1998 iussu
503 1963 619 2009 foras
639 1962 798 2005 erierit,
820 1963 993 2010 accipiet
1007 1963 1153 2010 playas
1174 1960 1358 1998 centum!
1410 1961 1451 1998 It
1473 1960 1511 1998 is
1534 1972 1628 2009 pos-

159 2012 261 2051 sible
281 2013 471 2061 (Do'ring)
491 2013 583 2051 that
603 2013 833 2062 specimens
849 2013 892 2050 of
909 2013 980 2051 the
995 2013 1271 2061 composition
1291 2016 1333 2051 to
1348 2013 1399 2051 be
1413 2013 1512 2051 read
1524 2025 1629 2051 were

159 2068 252 2104 sent
271 2066 398 2104 about
418 2077 452 2103 11
472 2067 494 2103 5
515 2069 536 2114 ἓ
557 2067 604 2102 12
625 2079 694 2103 uec
714 2068 802 2103 alia
823 2079 870 2104 ex
891 2079 1014 2105 causa
1027 2067 1325 2115 principiorum
1345 2067 1442 2103 libri
1462 2067 1626 2104 circum-

151 2120 357 2168 feruntur,
380 2131 500 2168 quam
529 2120 628 2168 quia
655 2121 912 2157 existimatur
932 2132 1031 2168 pars
1061 2120 1206 2168 aliqua
1231 2121 1354 2156 etiam
1379 2121 1466 2157 sine
1487 2120 1627 2157 ceteris

159 2184 239 2210 esse
253 2173 450 2221 perfecta.

236 2237 265 2275 1.
295 2238 320 2274 4
349 2249 388 2276 s1
417 2249 648 2276 conuonm
675 2250 701 2276 v
730 2238 779 2275 14
807 2240 828 2285 §
857 2237 879 2276 1
907 2239 1070 2276 ueniam
1097 2251 1145 2276 ea
1177 2239 1418 2287 condicione,
1451 2251 1501 2277 ne
1530 2240 1629 2288 quid

159 2297 299 2330 contra
317 2291 631 2329 commodum
653 2292 924 2339 tuumjaeias.
980 2302 1077 2339 pan.
1098 2292 1149 2329 48
1174 2303 1236 2340 pr.
1256 2293 1388 2329 securi
1414 2297 1452 2329 et
1479 2293 1628 2330 hilares

159 2355 268 2382 cum
288 2343 595 2382 commodum
615 2347 686 2382 est
706 2345 970 2383 convenimus.
1031 2344 1169 2381 Plaut.
1192 2344 1345 2392 Amph.
1367 2344 1443 2383 862
1468 2345 1628 2394 quando

159 2396 536 2435 commodumst.
619 2396 712 2434 Ter.
750 2396 944 2434 hautont.
984 2395 1138 2434 iel—2
1182 2409 1286 2435 nunc
1333 2396 1375 2434 si
1420 2407 1627 2435 commo-

159 2449 338 2497 dumst,
367 2448 373 2501 Ι
397 2450 603 2499 Dionysia
625 2451 690 2488 hic
708 2455 802 2487 sunt
822 2450 938 2487 hodie
949 2466 961 2489 .·
989 2451 1098 2498 apud
1115 2462 1174 2487 me
1193 2451 1248 2487 sis
1268 2450 1373 2488 uolo.
1428 2460 1467 2487 SI
1491 2460 1628 2487 vum:

157 2513 342 2540 nomm·
361 2513 377 2539 1
399 2503 448 2540 10
468 2504 487 2550 g
509 2503 556 2539 11
577 2503 599 2540 1
619 2514 688 2540 am
708 2501 859 2540 unable
877 2504 921 2540 to
941 2501 996 2540 sit
1019 2504 1063 2540 at
1088 2502 1160 2539 the
1188 2502 1269 2540 feet
1295 2502 1340 2539 of
1363 2502 1626 2552 Euphrates:

160 2566 237 2604 quo
256 2557 383 2603 mayis
411 2559 459 2602 te,
484 2556 551 2593 cui
574 2557 735 2600 uacat,
759 2555 905 2599 hortor,
927 2567 1014 2593 cum
1039 2557 1085 2592 in
1108 2556 1244 2593 urbem
1261 2557 1445 2604 proxime
1469 2557 1628 2593 ueneris

162 2609 320 2654 (uenias
339 2613 474 2646 autem
491 2609 538 2646 ob
560 2608 631 2646 hoc
650 2607 864 2658 matu-rius)
886 2609 953 2645 illi
975 2613 1010 2645 te
1030 2609 1308 2656 expoliendum
1328 2609 1627 2657 limandumque

158 2661 382 2708 permittas.
437 2671 480 2698 rx
509 2661 558 2699 16
586 2662 607 2708 ἓ
638 2661 659 2697 1
688 2662 802 2699 nobis
830 2662 974 2699 uenari
1005 2673 1075 2699 nec
1109 2664 1256 2699 uacat
1286 2672 1358 2699 nec
1391 2661 1510 2699 libet.-
1548 2672 1628 2699 non
