1823 3000
735 221 780 265 V
839 224 1007 267 10—17
1588 230 1616 270 9

134 321 254 382 legit
277 321 406 382 quod
418 337 517 366 non
540 326 838 381 excerperet:
863 321 1021 367 dicere
1045 322 1193 367 etiam
1217 321 1401 368 solebat
1423 323 1616 368 nuflum

136 417 237 447 esse
259 401 439 446 librum
461 405 564 445 tam
586 399 768 444 malum
792 405 850 446 ut
871 417 972 446 non
998 401 1161 462 aliqua
1192 407 1331 462 parte
1354 402 1612 463 prodesset.

135 486 245 541 post
263 481 412 526 solem
436 480 720 541 plerumque
745 479 921 539 frigida
943 480 1225 527 lauabatur:
1262 479 1435 525 deinde
1457 486 1617 541 gusta·
1639 507 1675 527 11

134 559 221 605 bat
243 560 605 620 dormiebatque
627 559 908 606 minimum:
938 575 1053 605 mox
1076 560 1215 620 quasi
1238 559 1334 605 alio
1358 559 1435 605 die
1459 561 1618 606 stude-

81 642 111 686 5
136 641 221 686 bat
257 641 313 686 in
357 656 504 685 cenae
548 645 753 700 tempus.
826 655 970 700 super
1015 641 1139 685 hanc
1183 639 1309 685 liber
1351 640 1614 701 legebatur,

134 721 471 777 adnotabatur,
497 724 547 764 et
569 719 766 780 quidem
789 720 980 766 cursim.
1051 720 1252 765 memini
1283 720 1523 781 quendam
1556 737 1617 766 ex
1641 747 1678 769 12

134 799 314 855 amicis,
351 815 461 844 cum
497 798 649 844 lector
677 799 914 859 quaedam
953 814 1205 858 perperam
1239 800 1614 859 pronuntiasset,

134 894 381 924 reuocasse
420 884 470 924 et
508 878 663 939 repeti
703 878 923 938 coegisse,
963 877 1078 923 huic
1118 878 1416 923 auunculum
1455 894 1618 924 meum

134 960 313 1005 dim'sse
348 959 683 1005 ‘intellexeras
708 974 881 1020 nempe
899 959 929 1004 2'
965 975 1074 1004 cum
1097 959 1179 1004 ille
1211 959 1473 1015 adnuisset,
1513 963 1620 1004 ‘cur

50 1044 110 1089 10
134 1056 247 1101 ergo
268 1041 558 1086 reuocabas2
604 1040 766 1085 decem
791 1039 1003 1100 amplius
1026 1055 1196 1085 uersus
1230 1040 1319 1085 hac
1353 1046 1439 1085 tua
1473 1041 1620 1085 inter-

133 1121 395 1182 pellatione
431 1121 759 1182 perdidimus.'
834 1126 976 1166 tanta
1016 1126 1120 1166 erat
1157 1121 1453 1181 parsimonia
1497 1127 1616 1167 tem-

133 1202 276 1264 poris.
348 1203 577 1263 surgebat
626 1206 811 1246 aestate
863 1217 892 1246 a
940 1217 1057 1246 cena
1107 1201 1227 1257 luce,
1281 1201 1440 1247 hieme
1487 1202 1618 1247 intra
1642 1230 1656 1250 1

133 1268 340 1343 primam
363 1283 533 1339 noctis,
559 1287 609 1326 et
631 1287 878 1341 tamquam
904 1281 1067 1342 aliqua
1089 1281 1193 1342 lege
1218 1288 1429 1342 cogente.
1500 1282 1618 1328 11360

133 1364 264 1409 inter
298 1363 482 1408 medios
522 1362 713 1408 labores
753 1362 984 1422 urbisque
1021 1363 1285 1409 fremitum.
1355 1364 1408 1409 in
1432 1380 1616 1409 secessu
1643 1389 1655 1408 1

51 1446 108 1491 15
134 1444 289 1490 solum
328 1443 509 1489 balinei
547 1448 739 1503 tempus
779 1442 954 1488 studiis
990 1443 1322 1488 eximebatur:
1366 1460 1474 1488 cum
1513 1444 1618 1489 dico

133 1522 326 1579 balinei,
353 1522 412 1567 de
434 1522 749 1567 interioribus
776 1521 967 1582 loquor,
1002 1538 1117 1567 nam
1152 1522 1269 1567 dum
1298 1523 1619 1583 destringitur

134 1601 450 1663 tergiturque,
475 1601 704 1647 audiebat
727 1601 910 1661 aliquid
945 1607 1032 1646 aut
1067 1601 1294 1648 dictabat.
1364 1602 1418 1647 in
1441 1601 1617 1647 itinere
1641 1627 1653 1646 1

134 1681 274 1743 quasi
297 1681 484 1727 solutus
508 1681 679 1726 ceteris
702 1681 829 1726 curis
860 1680 974 1726 huic
1009 1681 1097 1726 uni
1117 1674 1361 1729 uacabat:
1397 1681 1458 1727 ad
1488 1681 1617 1727 latus

133 1761 353 1808 notarius
376 1777 486 1806 cum
509 1760 633 1806 libro
656 1765 705 1806 et
728 1760 1061 1821 pugillaribus,
1091 1761 1227 1806 cuius
1251 1777 1424 1806 manus
1458 1761 1617 1808 hieme

49 1841 112 1887 20
135 1840 337 1886 manicis
381 1839 740 1896 muniebantur,
779 1846 838 1884 ut
877 1855 939 1885 ne
976 1840 1096 1885 caeli
1141 1840 1337 1901 quidem
1382 1841 1616 1902 asperitas

134 1921 292 1966 ullum
328 1921 503 1967 studiis
536 1927 729 1982 tempus
760 1921 994 1982 eriperet3
1032 1937 1128 1983 qua
1165 1937 1228 1966 ex
1256 1937 1397 1967 causa
1429 1920 1615 1966 Romae

135 2017 326 2064 quoque
359 2001 478 2047 sella
510 2001 793 2046 uehebatur.
864 2006 1030 2061 repeto
1065 2017 1141 2046 me
1177 2006 1451 2062 correptum
1474 2001 1536 2045 ab
1561 2016 1615 2045 eo
1640 2025 1653 2044 1

136 2098 222 2128 cur
242 2082 568 2128 ambularem:
607 2085 619 2106 ‘
637 2087 829 2142 poteras
844 2082 854 2102 '
878 2081 1041 2142 inquit
1072 2080 1188 2126 ‘has
1218 2080 1361 2126 horas
1388 2097 1487 2126 non
1509 2097 1613 2142 per-

135 2162 296 2220 dere'3
344 2178 456 2207 nam
503 2161 661 2223 perire
700 2177 842 2206 omne
876 2166 1068 2221 tempus
1112 2161 1443 2206 arbitrabatur
1487 2162 1616 2221 quod

50 2244 111 2289 25
135 2243 310 2289 studiis
335 2259 435 2288 non
467 2242 824 2303 inpenderetur.
895 2241 986 2287 hac
1017 2242 1291 2288 intentione
1320 2247 1397 2286 tot
1419 2242 1514 2287 ista
1537 2258 1616 2287 uo-
1639 2269 1652 2289 ι

135 2322 322 2368 lumina.
366 2322 552 2383 peregit
597 2321 956 2383 electorumque
1001 2322 1372 2368 commentarios
1418 2326 1615 2368 centum

135 2402 388 2463 sexaginta
431 2401 555 2447 mihi
605 2402 817 2463 reliquit,
871 2402 1272 2464 opisthographos
1325 2402 1518 2463 quidem
1564 2408 1615 2449 et

216 2495 267 2534 13
295 2497 337 2533 et
363 2496 582 2543 tamquam
609 2498 640 2533 F
693 2495 887 2534 Riccard.
910 2505 969 2542 pa.
1094 2493 1168 2532 sed
1205 2496 1426 2542 tamquam
1462 2496 1616 2534 ms-

136 2561 173 2600 si
190 2562 412 2609 tamquam
437 2571 462 2599 r
569 2559 619 2597 16
647 2558 912 2608 distringitur
930 2561 1193 2609 tergeturque
1219 2562 1254 2597 D
1378 2559 1429 2597 21
1459 2559 1614 2598 studiis

139 2629 342 2667 Cellarius
370 2625 499 2664 studii
525 2629 749 2670 HVI-'Dpra
829 2627 881 2663 22
910 2637 1075 2674 01100116
1094 2637 1170 2663 οηι.
1190 2628 1224 2663 D
1290 2625 1342 2663 23
1369 2623 1519 2674 inquid
1536 2628 1616 2664 MV

135 2695 186 2734 25
214 2691 512 2743 inpenderetur
538 2695 618 2731 MV
722 2691 996 2741 impertiretur
1014 2695 1126 2739 Fpra
