1823 3000
640 243 719 287 111
780 243 973 286 5—1111
1033 247 1060 287 3
1579 247 1605 287 5

118 361 229 405 mo3
262 345 440 392 iudicio
478 349 645 390 tamen
683 360 790 390 meo
829 359 928 389 non
968 344 1129 389 obstat
1160 342 1336 389 caritas
1374 343 1600 402 hominis,

119 442 242 488 qua-e
266 443 328 472 ex
350 425 528 471 iudicio
552 430 670 469 nata
693 429 777 470 est.
837 424 917 468 ujr
939 429 1012 469 est
1036 423 1326 469 emendatus
1350 428 1400 468 et
1422 425 1602 484 grauis,

118 505 264 566 paulo
291 505 437 550 etiam
461 504 702 549 horridior
722 509 771 549 et
795 503 972 561 durior,
1000 508 1057 547 ut
1080 503 1132 547 in
1156 502 1245 547 hac
1267 501 1465 547 licentia
1486 506 1605 548 tem-

119 600 304 646 porum.
375 589 613 644 quantum
645 583 922 645 eloquentia
955 583 1120 628 ualeat
1154 582 1377 643 pluribus
1412 583 1603 628 credere
1627 592 1646 623 6

72 666 99 711 5
120 669 256 726 potes
271 680 284 721 3
319 679 433 708 nam
464 663 656 709 <licendi
690 664 894 708 facultas
921 667 1091 723 aperta
1114 667 1163 707 et
1187 661 1408 722 exposita
1437 662 1604 707 statim

121 744 365 790 cernitur:
423 743 529 788 uita
574 743 828 789 hominum
879 742 1004 787 altos
1049 758 1263 787 recessus
1308 757 1604 802 magnasque

120 826 331 871 latebras
376 825 524 870 habet
541 840 555 882 3
612 824 749 870 cuius
794 839 881 885 pro
925 823 1157 868 Genitore
1203 837 1279 867 me
1325 837 1604 882 sponsorem

121 906 292 967 accipe.
364 905 490 950 nihil
514 920 575 950 ex
597 904 687 950 hoc
710 906 817 950 uiro
841 904 970 949 filius
993 909 1109 949 tuus
1133 902 1300 948 audiet
1322 902 1419 948 nisi
1441 903 1602 963 profu·
1630 915 1647 944 7

121 994 302 1045 turum,
339 987 466 1032 nihil
508 986 660 1031 discet
695 985 824 1046 quod
861 985 1069 1030 nescisse
1109 983 1289 1029 rectius
1330 983 1478 1028 fuerit
1516 999 1606 1030 nec

42 1064 101 1109 10
123 1068 284 1112 minus
321 1081 460 1126 saepe
497 1065 557 1110 ab
591 1065 676 1110 illo
713 1080 860 1124 quam
899 1080 928 1108 a
967 1069 1016 1109 te
1057 1078 1229 1124 meque
1266 1062 1606 1108 admonebitur

121 1146 298 1207 quibus
334 1144 628 1206 imaginibus
663 1149 902 1202 oneretur,
941 1159 1065 1203 quae
1099 1143 1297 1189 nomina
1332 1147 1382 1188 et
1421 1148 1606 1204 quanta

123 1225 375 1284 sustineat.
455 1225 657 1286 proinde
681 1224 962 1269 fauentibus
987 1223 1061 1269 dis
1084 1223 1224 1269 trade
1253 1238 1359 1268 eun]
1386 1238 1606 1283 praecep-

123 1307 231 1365 tori,
269 1323 298 1352 a
331 1322 428 1368 quo
461 1322 619 1352 mores
652 1306 876 1366 primum,
914 1321 1029 1350 mox
1069 1303 1395 1364 eloquentiam
1437 1302 1603 1360 discat,

123 1404 247 1450 quae
270 1389 395 1434 male
418 1387 522 1433 sine
546 1387 760 1432 moribus
783 1386 998 1432 discitur.
1069 1384 1191 1429 uale.

45 1525 102 1570 15
810 1506 928 1552 1111

452 1600 498 1640 C.
537 1599 762 1639 PLINIVS
799 1598 1054 1638 MACRINO
1095 1597 1197 1637 SVO
1238 1597 1280 1637 S.

226 1679 462 1736 Quamuis
486 1686 535 1726 et
558 1680 700 1726 amici
724 1695 846 1741 quos
877 1673 1150 1740 praesentes
1179 1678 1416 1724 habebam
1440 1682 1489 1723 et
1513 1693 1607 1724 ser·
1634 1701 1648 1721 1

126 1775 292 1806 mones
314 1759 565 1805 hominum
589 1760 772 1805 factum
796 1775 958 1804 meum
982 1760 1297 1819 conprobasse
1331 1758 1606 1814 uideantur,

127 1839 293 1901 magni
314 1844 480 1884 tamen
502 1840 705 1885 aestimo
729 1838 849 1884 scire
873 1838 990 1899 quid
1014 1839 1194 1883 sentias
1217 1843 1286 1883 tn.
1335 1852 1450 1881 nam
1473 1836 1610 1880 cuius
1635 1860 1652 1880 2

47 1923 108 1969 20
128 1920 319 1981 ini-‚egra
351 1936 404 1966 re
439 1919 693 1965 consilium
721 1918 974 1979 exquirere
1004 1923 1256 1979 optassem,
1293 1916 1439 1961 huius
1463 1915 1610 1961 etiam

129 2007 324 2063 peracta
353 2001 587 2046 iudicium
622 2016 761 2046 nosse
795 2000 917 2046 mire
951 1999 1246 2060 concupisco.
1319 2013 1428 2043 cum
1452 1996 1609 2058 publi-

131 2097 241 2127 cum
264 2097 384 2142 opus
407 2097 514 2126 mea
536 2081 741 2142 pecunia
763 2080 1079 2125 inchoaturus
1103 2079 1156 2123 in
1179 2078 1357 2123 Tuscos
1381 2091 1610 2122 excucur-

131 2160 301 2205 rissem
323 2166 531 2220 accepto,
558 2165 614 2204 ut
641 2159 914 2220 praefectus
948 2159 1117 2216 aerari,
1144 2162 1428 2213 commeatu,
1465 2154 1614 2216 legati

131 2240 409 2302 prouinciae
445 2241 671 2286 Baeticae
708 2240 929 2302 questuri
963 2240 1021 2285 de
1056 2238 1400 2300 proconsulatu
1436 2236 1614 2282 Caecili

51 2322 111 2366 25
136 2320 335 2367 Classici
367 2321 655 2366 aduocatum
691 2337 770 2366 me
804 2336 833 2365 a
866 2327 1038 2365 senatu
1074 2319 1333 2380 petierunt.
1407 2317 1613 2377 collegae
1637 2330 1655 2359 3

135 2400 309 2462 optimi
337 2401 528 2462 meique
559 2401 883 2446 amantissimi
917 2401 976 2446 de
1000 2399 1269 2446 communis
1293 2397 1436 2443 officii
1458 2412 1616 2442 neces-

135 2481 364 2528 sitatibus
401 2481 667 2542 praelocuti
700 2496 928 2526 excusare
963 2495 1041 2525 me
1075 2485 1125 2525 et
1160 2478 1370 2525 eximere
1409 2482 1613 2538 tempta-

135 2561 266 2604 runt.
312 2555 496 2602 factum
519 2562 593 2602 est
615 2561 811 2603 senatus
835 2556 1109 2602 consultum
1132 2569 1365 2616 perquam
1387 2553 1614 2600 honorifi-

218 2647 269 2686 11
298 2646 452 2696 quibus
469 2647 727 2698 imaginibus
746 2649 943 2686 oneretur
961 2660 1036 2687 om.
1056 2650 1134 2686 MV
1419 2646 1469 2684 12
1498 2645 1564 2685 dis
1582 2649 1616 2685 D

139 2714 220 2754 diis
248 2717 437 2761 mvrpra
597 2715 648 2753 23
677 2713 830 2753 aerarii
857 2717 945 2761 Fpa.
1105 2712 1158 2751 24
1186 2711 1356 2752 Caecilii
1382 2715 1494 2756 Fpra
