1823 3000
671 267 822 311 VIIII
885 270 1054 310 13-18
1548 272 1602 315 17

126 373 259 418 ditus
293 371 439 418 labor.
511 385 598 415 sua
638 385 788 414 manu
820 368 1085 429 reliquerat
1119 367 1355 428 scriptum
1390 369 1508 430 quid
1542 385 1604 415 ex

125 466 316 512 quaque
347 467 411 506 re,
446 448 564 509 quid
595 464 658 493 ex
685 463 876 508 quaque
908 462 1051 492 causa
1079 446 1364 507 accepisset:
1406 448 1605 493 miserat

124 533 274 577 etiam
312 530 543 592 epistulas
581 529 790 574 Romam
829 528 892 573 ad
928 528 1187 573 amiculam
1223 529 1467 588 quandam
1512 530 1604 576 iac-

123 618 284 658 tantes
309 617 357 657 et
388 611 631 671 gloriosas,
657 608 733 654 his
767 608 963 670 quidem
995 608 1158 653 Verbis
1196 608 1261 654 ‘io
1293 608 1353 665 io,
1392 608 1515 655 liber
1542 611 1604 656 ad

69 706 97 749 5
123 699 173 739 te
218 692 390 749 ueni03
449 692 544 736 iam
603 689 882 735 sestertium
928 689 1213 750 quadragies
1257 688 1421 749 redegi
1465 695 1604 750 parte

122 773 323 818 uendita
369 770 707 816 Baeticorum!
799 768 925 814 circa
971 768 1252 829 Hispanum
1297 773 1347 814 et
1388 769 1603 815 Probum
1631 795 1644 814 1

122 851 333 896 multum
351 849 549 895 sudoris.
601 849 772 893 horum
791 853 904 892 ante
923 863 1064 908 quam
1083 848 1288 894 crimina
1310 849 1600 910 ingrederer,
1624 859 1628 863 '

121 930 442 977 necessarium
456 929 637 975 credidi
661 928 907 974 elaborare
927 934 984 973 ut
1007 934 1251 974 constaret
1275 930 1604 977 ministerium

122 1012 302 1056 crimen
340 1025 469 1068 esse,
519 1008 648 1070 quod
684 1008 781 1054 nisi
817 1008 1089 1065 effecissem,
1133 1008 1317 1054 frustra
1353 1010 1603 1056 ministros

38 1102 96 1148 10
121 1093 408 1153 probassem.
463 1107 620 1152 neque
639 1091 769 1136 enim
787 1090 857 1135 ita
876 1088 1262 1135 defendebantur
1279 1096 1336 1135 ut
1352 1097 1600 1152 negarent,
1629 1115 1667 1144 15

120 1172 204 1217 sed
220 1178 276 1217 ut
294 1171 572 1217 necessitati
589 1171 783 1216 ueniam
801 1176 1136 1231 precarentur:
1163 1186 1264 1216 esse
1283 1171 1412 1216 enim
1428 1187 1476 1217 se
1494 1187 1602 1232 pro-

120 1252 353 1309 uinciales
377 1257 427 1297 et
450 1252 511 1296 ad
527 1267 668 1296 omne
691 1251 1032 1312 proconsulum
1055 1250 1314 1310 imperium
1330 1256 1464 1296 metu
1484 1252 1600 1313 cogi.

120 1333 242 1378 solet
277 1333 434 1378 dicere
467 1331 701 1377 Claudius
737 1331 1031 1387 Restitutus,
1063 1331 1149 1392 qui
1181 1331 1303 1376 mihi
1336 1333 1600 1393 respondit,
1630 1356 1644 1376 1

125 1413 204 1457 uir
222 1413 517 1460 exercitatus
541 1418 590 1459 et
614 1412 822 1473 uigilans
845 1418 895 1457 et
914 1412 1179 1472 quamlibet
1194 1413 1368 1458 subitis
1390 1419 1604 1475 paratus,

37 1500 95 1544 15
121 1511 386 1555 numquam
412 1494 506 1539 sibi
529 1498 723 1539 tantum
747 1492 980 1553 caliginiS‚
1005 1497 1200 1538 tantum
1225 1494 1606 1554 perturbationis

121 1578 343 1635 offusum,
362 1592 508 1638 quam
524 1591 633 1621 cum
651 1580 903 1636 praerepta
927 1579 976 1618 et
995 1579 1187 1619 extorta
1202 1574 1468 1620 defensioni
1491 1590 1606 1621 suae

121 1663 337 1704 cerneret
370 1657 424 1701 in
459 1656 634 1717 quibus
666 1670 859 1700 omnem
887 1654 1114 1699 fiduciam
1147 1655 1421 1716 reponebat.
1495 1671 1602 1701 con-
1631 1679 1643 1698 1

121 1738 218 1784 silii
252 1737 408 1783 nostri
442 1736 604 1782 exitus
638 1736 760 1782 fuit:
808 1735 935 1780 bona
971 1733 1168 1780 Classici
1202 1751 1325 1796 quae
1359 1735 1606 1782 habuisset

121 1822 235 1863 ante
257 1815 560 1878 prouinciam
583 1814 768 1876 placuit
792 1816 980 1860 senatui
1005 1829 1035 1859 a
1057 1814 1256 1877 reliquis
1279 1816 1502 1877 separari,
1519 1816 1606 1862 illa

36 1898 98 1943 20
121 1897 260 1955 filiae,
281 1897 399 1942 haec
417 1895 634 1957 spoliatis
659 1895 881 1956 relinqui.
954 1894 1176 1940 additum
1196 1900 1270 1941 est
1293 1902 1351 1941 ut
1372 1897 1606 1958 pecuniae

121 1993 241 2038 quas
264 1976 582 2023 creditoribus
607 1975 818 2021 soluerat
851 1981 1207 2020 reuocarentur.
1279 1975 1533 2038 Hispanus
1558 1982 1607 2023 et

122 2053 310 2100 Probus
332 2054 387 2099 in
413 2052 802 2115 quinquennium
832 2051 1044 2113 relegati„
1117 2052 1236 2099 adeo
1267 2069 1414 2114 graue
1445 2054 1606 2100 uisum

126 2137 200 2179 est
233 2132 362 2194 quod
391 2132 534 2178 initio
569 2131 886 2177 dubitabatur
920 2146 983 2175 an
1018 2130 1215 2176 omnino
1249 2132 1430 2177 crimen
1465 2135 1601 2177 esset.

124 2215 234 2272 post
255 2227 429 2273 paucos
452 2211 554 2257 dies
578 2211 809 2258 Cluuium
837 2211 1057 2269 Fuscum,
1076 2210 1276 2257 Classici
1295 2226 1538 2272 generum,
1557 2216 1607 2256 et
1629 2234 1642 2254 ι

0 2298 1 2303 ’
37 2297 97 2342 25
123 2291 386 2337 Stilonium
408 2291 643 2350 Priscum,
670 2291 756 2354 qui
778 2291 1005 2338 tribunus
1036 2291 1247 2338 cohortis
1277 2292 1368 2337 sub
1399 2291 1607 2337 Classico

203 2381 228 2420 5
254 2384 398 2433 parte]
425 2384 580 2433 praeda
598 2387 820 2424 Mommsen
1033 2386 1058 2425 9
1087 2384 1318 2424 effecissem
1338 2395 1366 2424 a
1415 2383 1607 2423 fecissem

122 2454 241 2500 err
400 2452 451 2491 16
477 2451 662 2490 offusum
689 2455 753 2500 Dp
808 2451 989 2491 effusum
1017 2456 1138 2492 Prfa
1275 2452 1326 2490 16
1355 2462 1481 2500 quam
1509 2462 1606 2489 cum

121 2518 338 2566 praerepta
363 2520 427 2557 fn
483 2520 693 2567 quantum
720 2521 943 2568 praerepta
969 2531 999 2568 p
1031 2520 1240 2568 quantum
1260 2529 1358 2556 cum
1384 2519 1607 2567 praerepta

125 2587 383 2635 (praeerepta
409 2587 449 2636 r)
476 2592 542 2626 rs‘
600 2598 727 2636 quam
755 2599 851 2626 cum
879 2599 929 2626 ea
956 2588 1176 2636 praerepta
1201 2597 1229 2626 a.
1361 2586 1413 2624 23
1442 2584 1604 2624 dubita-

121 2652 248 2692 batur
265 2655 378 2700 Ppra.
429 2651 652 2693 uidebatur
668 2657 703 2693 D
863 2654 915 2692 24
943 2653 1134 2693 clunium
1153 2652 1321 2691 fuscum
1339 2656 1374 2692 D
1495 2651 1606 2692 clau·

123 2719 242 2760 dium
261 2719 428 2759 fuscum
445 2723 545 2768 ΥΡΞ·
652 2720 758 2760 Clau
776 2719 961 2760 Fuscum
978 2732 1003 2760 r
1111 2720 1305 2760 Clanium
1323 2720 1508 2760 Fuscum
1526 2729 1555 2761 a

256 2815 307 2848 11.
328 2815 370 2849 P.
1444 2802 1473 2847 2
