1823 3000
163 252 189 292 8
774 250 818 294 V
876 254 1017 295 5—10

162 349 294 407 tres’,
336 350 389 395 in
425 365 510 395 sex
533 351 795 396 ‘uolumina
832 356 1029 412 propter
1068 351 1436 412 amplitudinem
1467 351 1626 410 diuisi,

163 428 340 489 quibus
375 433 613 474 oratorem
649 431 709 475 ab
749 430 1054 477 incunabulis
1098 431 1317 477 instituit
1349 435 1400 476 et
1428 430 1626 491 perficit.

165 508 328 553 ‘dubii
358 510 587 554 sermonis
611 509 759 555 octo':
795 510 985 570 scripsit
1007 512 1097 556 sub
1129 510 1325 556 Nerone
1355 511 1630 556 nouissimis

163 585 316 643 annis,
353 603 462 632 cum
502 603 641 633 omne
677 588 948 633 studiorum
981 581 1133 649 genus
1167 590 1310 650 paulo
1347 589 1546 635 liberius
1581 594 1631 634 et

123 672 142 701 6
164 665 366 710 erectius
389 666 706 726 periculosum
729 667 938 712 seruitus
970 667 1168 712 fecisset.
1245 671 1255 690 ‘
1272 683 1300 712 a
1332 667 1427 713 fine
1461 667 1632 712 Aufidi
1683 669 1711 714 5

164 744 303 790 Bassi
346 745 549 805 triginta
588 747 743 793 unus.'
814 750 1043 792 ‘naturae
1081 746 1392 792 historiarum
1431 747 1632 807 triginta

165 827 347 882 septem
362 824 386 880 ’,
413 839 532 884 opus
556 824 796 880 diffusum,
833 824 1092 881 eruditum,
1121 839 1209 869 nec
1245 824 1405 870 minus
1440 824 1632 870 uarium

124 922 141 951 7
165 917 309 961 quam
332 902 435 962 ipsa
465 908 651 949 natura.
722 903 912 948 miraris
936 903 1063 964 quod
1086 909 1161 949 tot
1185 904 1434 949 uolumina
1455 904 1630 950 multa-

165 998 259 1042 que
294 983 347 1027 in
369 983 444 1028 his
467 988 567 1027 tam
591 983 868 1043 scrupulosa
891 983 1033 1028 homo
1057 988 1314 1043 occupatus
1338 984 1631 1030 absoluerit2

165 1062 316 1122 magis
351 1063 614 1118 miraberis,
663 1063 703 1107 si
748 1062 910 1107 scieris
955 1062 1094 1107 illum
1140 1062 1422 1123 aliquandiu
1469 1078 1634 1108 causas
1657 1061 1716 1106 10

165 1142 402 1199 actitasse,
450 1143 700 1187 decessisse
746 1158 874 1187 anno
915 1147 1052 1187 sexto
1098 1147 1147 1187 et
1187 1143 1631 1203 quinquagensimo,

165 1220 375 1266 medium
409 1225 599 1282 tempus
630 1222 890 1266 distentum
928 1221 1309 1282 impeditumque
1337 1239 1432 1283 qua.
1471 1222 1636 1268 officiis

125 1307 143 1336 8
167 1301 391 1346 maximis
415 1317 508 1361 qua
531 1301 742 1346 amicitia
768 1301 1040 1362 principum
1064 1303 1226 1363 egisse.
1297 1302 1379 1347 sed
1402 1307 1506 1348 erat
1528 1317 1635 1347 acre

165 1380 426 1441 ingenium,
452 1381 730 1426 incredibile
761 1381 991 1439 studium,
1018 1399 1205 1428 summa
1227 1383 1495 1443 uigilantia.
1566 1383 1635 1428 lu·
1773 1445 1776 1447 μ

166 1459 364 1504 cubrare
388 1459 738 1505 Vulcanalibus
762 1460 1034 1520 incipiebat,
1061 1477 1159 1506 non
1191 1462 1469 1522 auspicandi
1493 1477 1635 1507 causa
1658 1463 1717 1509 15

167 1538 248 1584 sed
273 1538 509 1594 studendi,
537 1540 701 1584 statim
727 1544 907 1583 anocte
925 1540 1092 1595 multa,
1118 1539 1274 1585 hieme
1299 1556 1412 1585 uero
1435 1540 1496 1585 ab
1519 1539 1637 1585 hora

167 1618 382 1678 septima,
407 1618 487 1663 uel
519 1635 626 1663 cum
650 1619 935 1676 tardissime,
957 1624 1141 1676 octaua,
1167 1635 1306 1680 saepe
1330 1625 1478 1666 sexta.
1533 1625 1637 1666 erat

167 1714 281 1743 sane
299 1698 453 1744 somni
476 1698 781 1758 paratissimi,
807 1713 905 1742 non
928 1713 1190 1758 numquam
1214 1699 1360 1742 etiam
1383 1697 1512 1743 inter
1534 1698 1637 1758 ipsa

125 1794 143 1826 9
169 1778 331 1823 studia
369 1778 599 1823 instantis
641 1783 690 1823 et
730 1778 1004 1823 deserentis.
1090 1782 1203 1822 ante
1243 1777 1399 1822 lucem
1434 1777 1538 1822 ibat
1574 1778 1636 1822 ad

168 1858 523 1919 Vespasianum
554 1858 891 1918 imperatorem
925 1858 1057 1917 (nam
1091 1857 1173 1901 ille
1204 1872 1393 1917 quoque
1415 1857 1637 1903 noctibus
1659 1857 1719 1902 20

168 1938 429 2000 utebatur),
455 1938 567 1982 inde
601 1938 662 1982 ad
696 1937 968 1997 delegatum
1003 1937 1095 1981 sibi
1129 1936 1347 1981 officium.
1417 1951 1639 1982 reuersus

108 2035 145 2055 10
170 2016 378 2072 domum,
405 2016 533 2076 quod
556 2016 754 2061 relicum
777 2017 1017 2076 temporis,
1046 2015 1218 2060 studiis
1236 2015 1478 2062 reddebat.
1529 2022 1639 2078 post

169 2094 329 2139 cibum
363 2109 515 2154 saepe,
542 2109 682 2154 quem
706 2093 921 2138 interdiu
944 2093 1101 2138 leuem
1124 2097 1173 2137 et
1203 2092 1391 2137 facilem
1417 2099 1638 2140 ueterum

170 2188 302 2218 more
339 2173 569 2228 sumebat,
608 2177 802 2228 aestate,
846 2171 887 2216 si
924 2172 1039 2231 quid
1079 2171 1179 2227 otii,
1215 2171 1399 2216 iacebat
1438 2172 1490 2217 in
1527 2174 1636 2231 sole,

169 2253 294 2298 liber
316 2252 575 2312 legebatur,
601 2252 863 2297 adnotabat
895 2251 1283 2311 excerpebatque.
1352 2252 1477 2297 nihil
1510 2253 1639 2298 enim
1661 2250 1721 2296 25

251 2368 276 2404 2
303 2366 537 2405 orationem
564 2370 642 2405 MV
905 2368 1076 2416 perfecit
1095 2372 1177 2407 Fra.
1351 2370 1374 2407 3
1403 2368 1570 2408 scribsit
1597 2372 1640 2407 M

173 2433 196 2471 5
227 2432 403 2472 erectius
431 2437 542 2480 Fpra.
661 2431 816 2470 rectius
844 2436 955 2471 mvl>
1125 2434 1149 2472 9
1177 2433 1224 2471 in
1242 2432 1295 2471 iis
1322 2437 1352 2472 Ρ
1467 2433 1514 2471 in
1542 2432 1579 2471 is
1607 2435 1641 2471 D

174 2501 225 2537 12
252 2499 483 2538 distentum
511 2502 684 2538 MVFsa.
871 2498 1109 2537 disteritum
1136 2502 1170 2537 D
1347 2498 1586 2537 districtum
1612 2509 1642 2546 p

173 2564 419 2603 destrictum
450 2576 474 2604 r
594 2565 644 2602 14
671 2563 909 2613 uigilantia]
1028 2564 1233 2603 instantia
1260 2568 1294 2603 D
1472 2565 1524 2603 18
1549 2575 1642 2613 par-

173 2631 333 2671 cissimi
359 2635 393 2670 D
577 2633 626 2670 22
654 2631 829 2670 relicum
856 2635 934 2671 MD
1039 2631 1218 2680 reliqum
1245 2635 1281 2670 V
1436 2630 1641 2680 reliquom

173 2699 366 2738 Riccarcl.
