1823 3000
630 229 756 273 XIII
817 229 1057 272 2—X1111
1118 234 1143 273 3
1578 235 1633 274 25

148 331 334 376 cutioni
357 335 511 388 uacet,
537 330 591 375 in
614 345 711 390 qua
734 328 1011 375 satisfacere
1035 328 1277 374 difficilius
1302 333 1389 385 est,
1410 345 1519 374 cum
1536 329 1638 374 sola

147 410 446 458 aestimatur.
520 415 667 470 atque
700 409 893 454 utinam
918 408 1034 453 ordo
1058 408 1230 454 saltem
1250 413 1300 453 et
1323 408 1561 454 transitus
1587 417 1635 454 et
1660 433 1677 461 3

149 489 330 550 figurae
366 488 512 534 simul
547 489 913 548 spectarentur!
983 503 1095 532 nam
1130 486 1352 532 inuenire
1377 487 1632 547 praeclare,

147 571 404 615 enuntiare
449 569 702 630 magnifice
748 569 999 614 interdum
1046 569 1194 613 etiam
1230 567 1426 612 barbari
1463 567 1633 623 solent,

92 651 124 696 5
149 649 402 710 disponere
419 652 543 709 apte,
563 647 772 708 figurare
797 648 931 694 uarie
946 648 1044 693 nisi
1068 647 1272 693 eruditis
1290 653 1522 708 negatum
1547 657 1630 692 est.

152 746 242 775 nec
278 745 395 774 uero
436 729 723 774 adfectanda
771 736 886 774 sunt
932 745 1120 790 semper
1166 729 1294 774 elata
1339 735 1388 773 et
1435 728 1632 774 excelsa.
1661 760 1680 786 4

148 826 265 855 nam
302 815 360 854 ut
395 809 448 854 in
489 809 684 870 pictura
718 810 885 855 lumen
919 825 1017 854 non
1053 809 1148 854 alia
1182 824 1258 853 res
1292 809 1445 869 magis
1493 825 1637 869 quam

146 891 320 936 umbra.
378 890 698 948 commendat,
746 890 819 935 ita
865 890 1133 934 orationem
1185 894 1289 934 tam
1336 890 1639 934 summittere

146 987 292 1032 quam
323 971 548 1016 attollere
588 969 737 1016 decet.
811 970 895 1016 sed
935 970 1054 1032 quid
1086 986 1173 1031 ego
1207 969 1325 1015 haec
1361 969 1638 1015 doctissimo
1661 992 1679 1022 5

64 1048 123 1094 10
146 1051 288 1097 uiro‘l
338 1050 458 1112 quin
493 1050 655 1112 potius
684 1050 821 1107 illud,
849 1051 1030 1096 adnota
1066 1066 1188 1111 quae
1225 1049 1473 1112 putaueris
1497 1050 1639 1095 corri-

145 1131 314 1194 genda.
385 1132 457 1177 ita
482 1132 613 1176 enim
645 1132 799 1193 magis
834 1132 1025 1177 credam
1055 1137 1213 1177 cetera
1246 1131 1340 1177 tibi
1368 1130 1568 1192 placere,
1596 1131 1636 1176 si

145 1213 377 1274 quaedam
407 1212 709 1274 displicuisse
734 1229 1012 1274 cognouero.
1088 1213 1210 1258 uale.

810 1333 986 1380 XIIII

519 1438 564 1477 C.
594 1438 820 1479 PLINIVS
856 1439 1051 1478 ACILIO
1084 1439 1186 1480 SVO
1219 1439 1261 1479 S.

63 1521 120 1567 15
245 1521 372 1567 Rem
403 1527 616 1567 atrocem
641 1538 728 1568 nec
751 1527 949 1568 tantum
973 1523 1182 1584 epistula
1207 1523 1404 1584 dignam
1437 1522 1638 1568 Larcius
1663 1550 1677 1570 1

145 1600 364 1658 Macedo,
392 1601 471 1645 uir
494 1601 778 1662 praetorius,
805 1618 834 1646 a
858 1602 1012 1647 seruis
1037 1602 1136 1647 suis
1160 1619 1328 1663 passus
1364 1608 1449 1660 est,
1477 1618 1638 1663 super-

143 1681 235 1727 bus
258 1681 443 1742 alioqui
466 1681 693 1727 dominus
727 1685 778 1726 et
809 1696 982 1727 saeuus
1007 1687 1056 1726 et
1092 1682 1177 1742 qui
1209 1681 1414 1727 seruisse
1448 1687 1637 1743 patrem

145 1778 288 1808 suum
324 1778 512 1824 parum,
553 1761 703 1807 immo
742 1761 952 1806 nimium
989 1763 1300 1807 meminisset.
1378 1762 1639 1808 lauabatur
1663 1793 1680 1812 2

144 1844 197 1888 in
221 1843 341 1888 uilla
373 1842 663 1888 Formiana:
700 1848 900 1903 repente
939 1858 1050 1888 eum
1086 1843 1217 1888 serui
1247 1842 1637 1888 circumsistunt:

62 1928 123 1974 20
146 1922 270 1968 alius
288 1922 451 1968 fauces
483 1923 692 1980 inuadit,
719 1923 845 1967 alius
881 1938 932 1968 os
967 1923 1207 1980 uerberat,
1234 1922 1358 1967 alius
1387 1928 1557 1983 pectus
1589 1928 1639 1967 et

149 2009 370 2050 uentrem
407 2009 556 2066 atque
591 2004 755 2062 etiam,
782 2004 978 2049 foedum
1003 2004 1151 2060 dictu,
1190 2003 1405 2049 uerenda
1439 2009 1638 2048 contun-

147 2084 242 2142 dit3
278 2087 328 2129 et
362 2099 472 2128 cum
507 2083 781 2129 exanimem
817 2088 1064 2144 putarent,
1104 2083 1323 2128 abiciunt
1357 2082 1411 2127 in
1444 2083 1638 2128 feruens

147 2165 496 2225 pauimentum,
535 2170 593 2210 ut
638 2165 979 2226 experirentur
1019 2181 1083 2210 an
1120 2165 1323 2211 uiueret.
1396 2164 1492 2220 ille,
1535 2164 1638 2209 siue

146 2245 263 2306 quia
284 2261 384 2291 non
408 2245 662 2302 sentiebat,
691 2245 794 2290 siue
819 2245 934 2305 quia
958 2261 1007 2290 se
1034 2261 1132 2290 non
1157 2244 1337 2290 sentire
1361 2244 1635 2301 simulabat,

65 2325 124 2370 25
148 2324 408 2370 immobilis
432 2330 481 2370 et
511 2330 743 2370 extentus
768 2324 914 2370 fidem
948 2333 1172 2385 peractae
1196 2324 1367 2369 mortis
1398 2323 1635 2384 impleuit.

146 2409 255 2449 tum
295 2403 490 2450 demum
530 2405 670 2466 quasi
710 2411 849 2451 aestu
888 2405 1076 2450 solutus
1116 2405 1344 2450 effertur:
1387 2403 1638 2464 excipiunt
1661 2431 1680 2461 3

229 2532 255 2569 2
300 2530 396 2570 utin
441 2535 520 2572 MV
736 2533 788 2570 14
834 2532 1028 2572 ACILIO
1083 2533 1408 2571 ‘Riccardianns
1455 2533 1502 2571 in
1547 2533 1636 2571 ind.

149 2598 356 2638 Pacilium
373 2600 526 2640 uocat.’
638 2601 687 2639 15
717 2600 897 2638 Larcius
925 2604 983 2639 Dr
1037 2598 1216 2648 Largius
1235 2602 1441 2645 MVPpffa
1496 2599 1547 2638 18
1574 2598 1638 2638 ni-

149 2666 285 2706 mium
304 2670 446 2707 mvn>
551 2667 780 2706 minimum
812 2678 894 2712 pra
1055 2668 1107 2705 24
1137 2678 1179 2705 se
1199 2678 1274 2705 om..
1294 2669 1415 2706 Frfa
