1823 3000
387 707 438 754 C.
477 706 675 753 PLINI
712 706 994 753 CAECILI
1029 705 1335 753 SECVNDI

296 840 1433 918 EPISTVLARVM

616 994 805 1036 LIBER
836 992 1105 1036 TERTIVS

846 1177 874 1224 I

456 1288 502 1329 C.
534 1288 725 1327 PLINIV
729 1288 757 1327 S
787 1288 1045 1328 CALVISIO
1076 1288 1179 1328 SVO
1210 1288 1252 1329 S.

220 1371 399 1417 Nescio
423 1387 487 1416 an
509 1370 667 1416 ullum
690 1371 951 1417 iucundius
974 1376 1167 1433 tempus
1190 1371 1433 1433 exegerim
1458 1388 1602 1434 quam
1627 1401 1642 1421 1

120 1465 217 1511 quo
240 1465 396 1511 nuper
418 1450 550 1510 apud
575 1449 873 1511 Spurinnam
896 1450 985 1509 fui,
1012 1451 1132 1497 adeo
1156 1451 1353 1513 quidem
1376 1457 1434 1497 ut
1457 1453 1605 1497 nemi-

120 1520 232 1574 nem
255 1529 408 1589 magis
431 1529 484 1574 in
507 1534 770 1588 senectute,
798 1529 840 1574 si
870 1530 1012 1575 modo
1044 1545 1287 1576 senescere
1319 1530 1489 1576 datum
1514 1536 1600 1588 est,

119 1608 353 1654 aemulari
386 1609 563 1654 ueiim:
598 1609 722 1654 nihil
751 1615 824 1654 est
853 1609 981 1655 enim
1017 1609 1101 1654 illo
1139 1609 1271 1654 uitae
1305 1625 1478 1670 genere
1513 1609 1605 1655 dis-

41 1692 100 1738 10
120 1688 334 1734 tinctius.
404 1704 482 1733 me
506 1693 671 1733 autem
695 1693 751 1733 ut
774 1694 934 1734 certus
958 1675 1170 1733 siderum
1193 1704 1362 1734 cursus
1392 1689 1464 1734 ita
1498 1689 1601 1734 uita
1624 1710 1645 1732 2

119 1770 372 1816 hominum
407 1769 641 1830 disposita
671 1769 893 1826 delectat,
919 1785 1091 1815 senum
1120 1769 1418 1830 praesertim.
1488 1785 1603 1814 nam

121 1851 322 1897 iuuenes
346 1851 549 1897 confusa
572 1851 729 1896 adhuc
753 1851 991 1912 quaedam
1021 1856 1070 1896 et
1099 1851 1238 1912 quasi
1268 1850 1469 1896 turbata
1503 1865 1603 1896 non

121 1932 348 1978 indecent
363 1949 376 1991 3
429 1932 625 1978 senibus
676 1932 867 1992 placida
920 1932 1084 1977 omnia
1130 1936 1180 1977 et
1225 1931 1451 1977 ordinata
1495 1947 1602 1976 con-

122 2012 342 2070 ueniunt,
393 2012 570 2073 quibus
615 2011 861 2057 industria
906 2027 1025 2068 sera,
1068 2011 1229 2072 turpis
1274 2011 1478 2056 ambitio
1513 2015 1598 2057 est.

43 2095 102 2140 15
122 2089 246 2136 hanc
281 2091 498 2151 regulam
540 2090 785 2151 Spurinna
821 2090 1211 2135 constantissime
1251 2094 1414 2135 seruat
1428 2106 1441 2148 3
1484 2089 1597 2150 quin
1623 2114 1643 2144 3

124 2171 272 2217 etiam
305 2187 458 2232 parua
490 2171 621 2229 haec,
653 2187 818 2232 parua,
850 2171 891 2216 si
918 2187 1018 2217 non
1048 2171 1225 2217 cotidie
1260 2172 1395 2229 fiant,
1433 2170 1601 2216 ordine

124 2251 335 2312 quodam
357 2256 407 2296 et
430 2250 568 2296 velut
595 2251 711 2296 orbe
742 2250 1041 2312 circumagit.
1110 2266 1253 2295 mane
1287 2249 1464 2295 lectulo
1497 2265 1599 2294 con·
1624 2275 1643 2302 4

123 2330 324 2388 tinetur‚
361 2329 483 2376 hora
526 2330 737 2375 secunda
782 2330 962 2376 calceos
1001 2330 1170 2391 poscit,
1213 2330 1431 2375 ambulat
1467 2329 1603 2374 milia

123 2424 351 2471 passuum
373 2409 471 2455 tria
492 2425 581 2456 nec
602 2410 766 2456 minus
788 2409 1006 2455 animum
1031 2425 1176 2471 quam
1200 2425 1370 2470 corpus
1394 2413 1600 2455 exercet.

43 2492 105 2538 20
125 2490 167 2535 si
204 2488 381 2535 adsunt
417 2489 572 2548 amici,
615 2489 946 2536 honestissimi
986 2505 1230 2536 sermones
1271 2489 1578 2550 explicantur
1588 2504 1600 2544 3

124 2570 168 2617 si
212 2585 325 2629 non,
370 2569 495 2616 h'ber
537 2570 732 2632 legitur,
775 2571 1025 2617 interdum
1072 2571 1219 2616 etiam
1264 2568 1603 2632 praesentibus

124 2708 188 2742 s
487 2693 537 2733 16
565 2692 740 2733 cottidie
767 2696 847 2734 MV
954 2694 1004 2734 19
1024 2703 1196 2742 passum
1212 2695 1246 2730 D
1499 2753 1502 2756 ἦ

56 2766 104 2815 ίι
259 2789 306 2822 n„
338 2788 375 2821 Ρ.
1435 2772 1460 2820 1
