1775 3010
134 225 175 275 1]
475 225 660 265 LIBER.
715 225 1047 265 GRATIARVM
1082 225 1261 265 ACTIO.
1523 225 1600 263 201

133 320 211 357 tibi
237 324 537 368 repraesentes:
570 320 730 367 9ratias
758 331 862 367 a90;
893 331 1051 368 ayerem
1077 319 1220 368 magis,
1250 319 1287 356 si
1315 330 1373 357 me
1401 318 1482 357 illa
1508 318 1603 367 ipsa

132 383 236 421 quae
264 373 409 410 scribis
438 377 512 410 aut
539 373 672 410 dictas
702 372 829 420 leyere
857 373 1067 410 uoluisses.
1122 378 1162 410 et
1184 377 1272 410 erat
1298 383 1471 420 aequum
1497 377 1543 408 ut
1563 376 1600 409 te

130 437 218 462 mea
236 426 301 462 ita
318 437 376 462 me
398 430 470 463 tua
487 426 641 474 scripta
660 436 901 472 coynoscere‚
926 425 1087 462 etiamsi
1105 425 1161 462 ad
1181 426 1310 462 alium
1329 437 1450 473 quam
1469 424 1524 461 ad
1541 436 1600 461 me

125 479 392 526 pertinerent.
447 479 468 525 ξ
496 477 520 514 5
558 479 681 515 tertia
709 478 886 525 epistula
914 478 1145 515 continebat
1171 489 1252 515 esse
1292 478 1369 515 tibi
1397 478 1602 515 redditam

131 532 353 568 orationem
369 542 447 579 pro
472 529 657 575 †Clario‚
688 541 852 578 eamque
870 531 1004 567 uisam
1027 531 1261 577 uberiorem,
1295 542 1419 579 quam
1445 531 1601 567 dicente

131 595 192 621 me
212 584 359 633 fuerit.
419 588 476 621 est
502 584 688 620 uberior.-
717 584 847 620 multa
866 585 972 620 enim
985 589 1127 631 postea
1145 585 1314 621 inserui.
1370 594 1397 620 x
1414 583 1439 620 4
1461 581 1515 633 (3)
1537 584 1558 630 ξ
1577 583 1602 619 4

129 647 211 674 non
239 637 326 674 sine
355 647 503 684 mayna
528 636 692 684 fiducia
724 636 913 683 subsigno
950 637 1062 684 apud
1094 641 1130 673 te
1159 637 1286 685 fidem
1315 648 1393 684 pro
1424 637 1600 673 moribus

129 690 306 726 Romani
328 690 420 735 mei,
452 700 549 738 quos
577 694 617 726 et
643 687 882 726 liberalia
912 688 1082 727 studia
1112 692 1357 727 exornant
1384 695 1424 727 et
1449 689 1602 726 eximia

124 743 276 790 pietas.

208 838 271 884 §1
299 835 326 875 l.
352 835 401 874 18
429 845 587 872 mrum
614 833 688 872 the
715 835 858 884 speech
886 834 936 873 18
956 836 976 882 5
996 834 1021 872 4
1051 834 1157 883 (also
1175 835 1221 874 of
1243 835 1315 874 the
1341 835 1595 886 panegyric).

129 900 147 926 1
167 890 190 926 2
210 891 231 937 ξ
252 890 274 926 1
302 887 438 926 where
456 887 510 926 he
528 888 618 926 also
638 887 762 925 sends
792 899 817 925 a
846 888 996 937 speech
1021 891 1065 925 to
1093 900 1118 926 a
1146 888 1282 927 friend
1300 889 1365 927 for
1383 889 1598 928 criticism.

131 943 181 980 20
200 944 221 990 ἓ
240 943 277 981 8.
328 953 372 978 rv
390 943 413 980 5
434 943 454 989 ἓ
474 942 509 980 3.
550 952 577 978 v
598 942 646 978 12
667 941 751 989 (13)
772 943 793 988 ἓ
813 941 835 977 1
855 943 1167 979 oratiunculam.
1223 944 1265 989 ἐξ
1287 943 1310 979 2
1329 944 1353 980 3
1380 943 1495 980 liber.
1551 943 1603 980 20

129 997 173 1043 §5
191 996 215 1032 2
235 996 259 1033 3
289 995 402 1039 liber,
432 993 565 1032 called
589 995 654 1041 §8
683 995 997 1033 oratiunculam.
1059 993 1156 1032 Tac.
1178 993 1214 1032 d.
1239 996 1289 1033 38
1318 1007 1398 1033 non
1427 996 1599 1044 denique

129 1048 257 1085 ullius
288 1048 426 1095 mayni
459 1048 632 1085 oratoris
661 1046 788 1084 liber
817 1047 928 1096 apud
960 1048 1229 1085 centumuiros
1262 1048 1395 1086 dictus
1427 1049 1597 1096 legyatur.

132 1100 209 1139 See
230 1099 423 1138 Gesner‘s
442 1099 676 1138 thesaurus.
724 1098 814 1137 Τὶιε
834 1099 984 1148 speech
1002 1112 1087 1138 was
1106 1099 1311 1138 delivered
1332 1102 1354 1138 1
1377 1100 1490 1149 Sept.
1511 1101 1601 1145 100,

129 1153 165 1192 it
183 1165 269 1191 was
286 1165 380 1191 now
399 1152 592 1201 enlarged
612 1152 678 1201 (18
698 1153 718 1200 ξ
739 1153 761 1189 1
784 1153 882 1190 bono
901 1154 986 1191 ciui
1006 1155 1425 1191 conuenientissimum
1445 1155 1601 1192 credidi

130 1207 268 1245 eadem
298 1207 375 1244 illa
406 1207 626 1254 spatiosius
660 1211 698 1243 et
734 1205 894 1243 uberius
926 1207 1129 1244 uolumine
1160 1208 1378 1255 amplecti),
1409 1206 1494 1244 and.
1518 1206 1604 1244 had

129 1258 235 1297 been
252 1257 406 1296 recited
432 1262 476 1296 to
504 1257 661 1296 friends
685 1257 779 1295 who
803 1270 920 1296 came
945 1259 990 1296 in
1016 1258 1184 1304 eron-ds,
1212 1258 1258 1296 in
1277 1271 1375 1308 very
1393 1259 1482 1298 foul
1499 1271 1601 1298 wea-

131 1311 238 1357 ther,
265 1311 350 1350 and
374 1310 550 1349 insisted
569 1323 625 1348 on
643 1310 801 1360 having
819 1311 891 1349 the
910 1311 1051 1359 whole,
1075 1311 1238 1360 though
1257 1311 1352 1350 that
1371 1311 1553 1350 entailed
1577 1325 1602 1351 a

130 1363 246 1403 third
278 1364 393 1413 day's
427 1363 676 1402 attendance
716 1363 786 1412 (ib.
818 1367 861 1412 ἓξ
890 1364 1024 1416 4-6).
1080 1365 1246 1413 Among
1282 1365 1355 1403 the
1392 1365 1604 1404 additions

133 1417 384 1468 (Mommsen
402 1416 448 1454 in
468 1417 646 1455 Hermes
665 1428 718 1454 111
737 1417 789 1454 40
808 1418 848 1468 3)
874 1429 958 1455 was
976 1429 1031 1455 no
1051 1417 1180 1456 doubt
1199 1418 1271 1455 the
1290 1418 1500 1467 prophecy
1518 1418 1561 1457 of
1579 1431 1604 1456 a

130 1470 271 1508 future
307 1469 497 1518 triumph
524 1482 558 1507 c.
582 1469 631 1507 16
660 1481 740 1518 seq.
775 1471 950 1519 accipiet
979 1472 1203 1519 aliquando
1240 1472 1490 1520 Capitolium
1524 1484 1605 1510 non

131 1525 308 1562 mimicos
337 1535 477 1561 currus
504 1535 577 1561 nec
597 1524 711 1572 salsa
741 1524 961 1561 simulacra
989 1525 1382 1563 uictoriae...uideor
1409 1526 1492 1562 iam
1520 1537 1600 1562 cer-

130 1576 722 1625 nere...triumphum...uideor
735 1577 1074 1624 intueri...ipsum
1091 1582 1127 1614 te
1147 1577 1351 1615 sublimem
1369 1578 1602 1614 instantem-

132 1641 206 1678 que
226 1641 362 1667 curru.
417 1628 468 1665 In
491 1628 604 1677 Sept.
626 1629 715 1674 100,
743 1627 864 1666 when
891 1628 1048 1678 Trajan
1071 1628 1158 1667 had
1181 1629 1379 1679 returned
1405 1629 1512 1667 from
1532 1629 1604 1668 the

130 1681 308 1720 Danube
334 1681 512 1719 without
538 1681 694 1729 having
720 1680 861 1730 waged
888 1693 985 1729 war,
1020 1681 1122 1719 such
1148 1694 1173 1720 a
1193 1681 1447 1731 description
1466 1683 1603 1721 would

131 1733 238 1773 have
255 1734 359 1772 been
378 1737 452 1772 out
471 1733 516 1772 of
537 1734 666 1783 place,
696 1733 772 1772 but
791 1746 889 1783 very
907 1734 1172 1783 appropriate
1190 1738 1234 1773 to
1259 1747 1339 1774 Aa).
1363 1736 1451 1783 101,
1481 1735 1603 1774 when

131 1787 206 1826 the
230 1787 391 1825 Daoian
418 1799 502 1825 war
529 1786 676 1835 began,
709 1786 794 1825 and
822 1787 889 1826 Tr.
923 1787 1048 1836 again
1074 1790 1184 1826 went
1208 1790 1253 1827 to
1281 1788 1353 1826 the
1379 1788 1603 1827 Danubian

136 1839 367 1889 provinces,
388 1839 475 1878 this
494 1839 596 1879 time
616 1843 659 1879 to
678 1839 797 1889 fight.

211 1944 289 1978 Qvo
319 1944 457 1971 murt
485 1943 639 1971 orrmo
669 1944 854 1971 PRINCIPI
886 1944 1042 1972 coxsvn
1071 1945 1242 1972 GRAms
1274 1946 1349 1972 EGI
1378 1933 1450 1973 the
1480 1946 1604 1973 name

127 1987 399 2036 paneyyricus
416 1997 502 2024 was
521 1989 596 2023 not
615 1986 737 2035 given
756 1986 810 2035 by
829 1986 964 2036 Pliny,
989 1986 1064 2025 but
1083 1987 1119 2025 is
1138 1986 1269 2026 found
1287 1988 1333 2025 in
1353 1989 1376 2025 2
1396 1999 1496 2028 mss,
1521 1988 1604 2026 and

133 2039 180 2077 in
205 2039 346 2078 Sidon.
369 2050 432 2087 ep.
455 2049 536 2076 VIII
564 2040 614 2077 10
645 2040 772 2077 Gaius
800 2040 1109 2079 Plinius-...cum
1135 2042 1276 2078 Marco
1309 2042 1428 2090 leio
1456 2043 1603 2079 incom-

127 2093 313 2142 parabili
334 2093 520 2141 principi
547 2094 855 2141 comparabilem
875 2095 1170 2143 paneyyricum
1204 2095 1327 2132 dixit.
1385 2094 1473 2131 The
1512 2094 1604 2132 title

133 2144 269 2182 would
284 2144 335 2183 be
352 2144 505 2192 rather,
524 2144 636 2183 what
650 2157 710 2182 we
727 2145 827 2184 read
839 2145 936 2184 here
950 2145 1033 2184 and
1047 2145 1263 2184 elsewhere
1280 2146 1345 2197 (18
1360 2149 1380 2194 ἓ
1398 2148 1418 2183 1
1434 2148 1604 2194 officium

135 2199 364 2236 consulatus
398 2199 586 2236 iniunxit
620 2199 723 2236 mihi
759 2204 807 2236 ut
848 2200 910 2236 rei
941 2200 1134 2248 publicae
1177 2201 1335 2238 nomine
1381 2199 1604 2248 principi

135 2249 332 2299 gratias
359 2261 565 2299 agerem.
623 2250 674 2291 cf.
699 2262 734 2289 11
754 2252 777 2289 1
797 2253 818 2299 ξ
838 2251 862 2290 5
881 2251 926 2290 of
942 2251 1162 2300 Verginius
1179 2251 1333 2290 Rufus:
1364 2264 1452 2290 cum
1469 2264 1605 2290 uocem

131 2308 399 2353 praepararet
417 2306 622 2341 acturus
640 2303 692 2342 in
711 2304 977 2343 consulatu
995 2305 1215 2354 principi
1234 2304 1441 2353 gratias,
1501 2317 1598 2354 pan.

139 2356 162 2393 1
192 2355 221 2395 f.
251 2360 483 2405 tantumque
512 2369 540 2394 a
567 2359 698 2406 specie
731 2358 986 2396 adulationis
1019 2359 1127 2396 absit
1155 2357 1437 2406 gratiarum
1469 2358 1603 2396 actio

136 2421 236 2455 mea,
260 2413 455 2457 quantum
472 2409 584 2447 abest
602 2422 630 2447 a
655 2412 904 2449 necessitate.
962 2411 986 2448 2
1005 2413 1026 2459 ξ
1045 2412 1069 2448 3
1089 2423 1138 2448 ea:
1165 2412 1253 2459 ipso
1279 2422 1418 2459 yenere
1447 2411 1602 2460 grati-

139 2473 278 2500 arum
307 2459 610 2508 agendarum
641 2464 915 2511 intellegatur,
938 2465 1006 2501 cui
1031 2464 1192 2512 quando
1210 2465 1295 2501 sint
1313 2469 1437 2502 actae.
1495 2464 1519 2501 3
1537 2476 1597 2513 pr.

137 2515 297 2552 nullum
316 2525 395 2551 esse
413 2525 539 2562 neque
557 2516 754 2553 sincerius
772 2528 899 2565 neque
927 2518 1130 2565 acceptius
1158 2528 1281 2564 yenus
1308 2515 1599 2565 gratiarum,

139 2578 259 2615 quam
295 2566 401 2615 quod
435 2567 532 2604 illas
564 2568 880 2606 adclamationes
912 2571 1148 2614 aemuletur,
1183 2581 1284 2618 quae
1305 2570 1493 2618 finyendi
1524 2581 1605 2608 non

141 2620 289 2657 habent
322 2624 484 2666 tempus,
544 2620 635 2667 905
663 2621 686 2658 3
706 2622 752 2659 in
779 2623 1106 2659 consuetudinem
1127 2623 1255 2660 uertit
1291 2625 1343 2660 ut
1372 2622 1603 2661 consules

141 2671 343 2721 publica
388 2670 663 2721 gratiarum
709 2673 909 2713 actione
945 2675 1113 2724 perlata
1147 2686 1218 2714 suo
1255 2687 1409 2725 quoque
1446 2677 1603 2715 nomine
