1775 3010
122 242 192 292 25]
312 241 609 282 APPLAUSE‘
642 241 755 280 AND
792 241 1049 281 HOOTING
1083 239 1142 278 IN
1183 239 1394 279 TRIALS.
1519 239 1595 278 159

123 335 248 381 elder,
280 335 366 375 and
400 335 473 375 the
500 335 635 373 works
663 335 710 373 of
738 334 811 373 the
845 346 1044 384 younger,
1080 334 1250 378 Seneca,
1280 331 1455 381 Quintil.
1489 330 1596 369 Gell.

124 388 308 427 Macrob.
331 389 436 439 (esp.
463 391 514 436 11)
542 389 650 427 Plut.
681 388 795 427 Suet.
822 400 891 426 are
917 400 942 426 a
971 387 1085 425 mine
1116 387 1162 425 of
1187 385 1434 424 traditional
1465 386 1590 423 dicta.

123 442 160 479 A
191 442 394 490 complete
425 441 644 479 collection
675 441 720 479 of
741 440 871 485 them,
893 444 936 479 to
964 441 1036 479 the
1064 440 1165 479 time
1185 439 1230 478 of
1245 439 1373 485 Beda,
1392 437 1531 477 would
1548 437 1599 476 be

123 494 170 532 of
185 499 302 544 great
320 494 506 540 interest,
526 493 740 543 linguistic
761 493 846 532 and
865 494 998 532 other.

205 574 234 612 l.
269 575 293 614 6
325 586 534 612 rvmcrssvs
564 573 636 612 the
669 576 898 621 senators§
930 575 981 612 21
1012 574 1039 613 l.
1079 575 1144 613 22.
1200 583 1514 612 emnosmsmo
1542 571 1598 610 cf.

124 628 150 665 4
169 630 190 675 ξ,
210 630 247 668 7.
303 639 357 665 111
377 629 428 665 20
447 630 467 675 ξ
488 627 525 665 6.
581 639 883 665 ΒΕΟΒΑΜΑΒΕΝΤ
912 639 956 665 vr
977 628 999 665 5
1021 627 1268 666 altereation
1290 626 1335 664 in
1361 626 1433 664 the
1457 628 1600 663 senate

124 680 308 719 between
325 681 517 718 Licinius
537 680 688 728 Nepos,
708 680 801 717 who
829 681 1034 729 reopened
1054 693 1079 719 a
1108 693 1201 719 case
1227 679 1396 728 already
1415 678 1595 726 decided,

127 734 211 772 and
228 734 302 772 the
320 737 487 783 praetor
506 733 728 771 quentius
757 733 923 772 Celsus:
954 736 974 782 ἓ
1003 735 1028 771 4
1056 740 1197 773 neuter
1225 734 1478 772 contumeliis
1508 738 1599 770 tem-

118 789 302 836 perauit.
357 788 421 835 §5
441 788 532 824 nolo
551 788 700 835 referre
729 798 832 835 quae
862 788 946 825 dici
974 788 1024 824 ab
1053 789 1154 836 ipsis
1182 788 1340 825 moleste
1371 787 1462 825 tuli.
1521 797 1601 834 quo

63 877 66 879 Α
124 842 252 889 ma9is
273 841 463 889 quosdam
483 852 501 877 e
521 851 682 877 numero
702 845 835 877 nostro
855 842 1085 889 inprobant,
1108 842 1179 890 qui
1198 841 1311 878 modo
1339 841 1394 877 ad
1429 840 1598 883 Celsum,

124 894 238 931 modo
257 895 312 931 ad
330 894 534 942 Nepotem,
550 898 675 941 prout
695 894 761 931 hic
780 894 848 931 uel
865 895 936 930 ille
965 895 1128 938 diceret,
1150 895 1376 942 cupiditate
1404 892 1601 930 audiendi

126 948 395 992 cursitabant,
415 951 454 984 et
472 958 578 983 nunc
599 947 718 994 quasi
736 947 993 984 stimularent
1013 953 1050 984 et
1070 949 1343 990 accenderent,
1357 957 1462 984 nunc
1483 945 1602 994 quasi

125 1001 436 1038 reconciliarent
465 1011 512 1037 ac
550 1005 881 1047 recomponerent,
908 1001 1166 1048 frequentius
1193 1001 1380 1047 sinyulis,
1415 999 1601 1036 ambobus

126 1054 329 1090 interdum
341 1054 568 1101 propitium
590 1052 813 1096 Caesarem,
834 1058 880 1089 ut
899 1054 945 1090 in
966 1054 1120 1091 ludicro
1143 1054 1286 1102 aliquo
1313 1052 1600 1101 precabantur.

127 1107 148 1153 ἓ
168 1106 191 1144 6
212 1105 408 1154 blabbing
428 1105 586 1142 friends
604 1104 689 1142 had
708 1104 904 1154 betrayed
923 1105 1033 1143 what
1053 1105 1155 1144 each
1173 1117 1258 1143 was
1285 1105 1410 1154 going
1439 1107 1482 1142 to
1511 1116 1597 1153 say,

128 1171 173 1197 so
206 1158 302 1196 that
334 1158 434 1207 they
455 1157 668 1196 answered
702 1170 781 1196 one
816 1158 1030 1196 another's
1060 1158 1289 1208 objections
1322 1158 1367 1196 in
1400 1157 1597 1204 advance,

126 1212 234 1249 from
255 1211 365 1250 their
383 1214 516 1250 notes.
574 1223 619 1248 1x
640 1212 688 1248 13
708 1213 729 1259 ξ
748 1212 773 1248 4
796 1211 841 1249 in
861 1211 932 1249 the
953 1212 1045 1249 first
1078 1211 1180 1261 days
1211 1212 1319 1249 after
1347 1210 1603 1248 Domitian’s

127 1264 267 1310 death,
282 1277 358 1314 pro
377 1277 416 1303 se
437 1266 605 1314 quisque
637 1266 823 1303 inimicos
856 1278 958 1310 suos,
981 1267 1193 1303 dumtaxat
1224 1267 1410 1310 minores,
1430 1265 1602 1302 incon·

129 1318 236 1365 dito
263 1317 572 1366 turbidoque
601 1317 821 1356 clamore
843 1319 1140 1368 postulauerat.
1197 1320 1217 1366 ξ
1247 1319 1269 1357 7
1294 1318 1530 1366 (intending
1558 1320 1603 1355 to

128 1383 284 1420 avenge
303 1370 542 1422 Heluidius)
563 1372 682 1408 uenio
702 1372 748 1408 in
765 1377 961 1416 senatum,
982 1373 1046 1409 ius
1066 1373 1226 1410 dicendi
1240 1378 1349 1421 peto,
1371 1373 1459 1409 dico
1481 1372 1603 1420 paul-

128 1427 237 1474 isper
255 1426 430 1462 maximo
448 1425 631 1463 adsensu.
689 1425 760 1461 ubi
789 1425 900 1473 coepi
929 1426 1079 1462 crimen
1107 1426 1322 1472 attinqere,
1341 1436 1453 1462 reum
1481 1425 1599 1462 desti-

128 1490 241 1523 nare,
267 1479 400 1515 adhuc
430 1482 562 1515 tamen
593 1478 680 1515 sine
712 1479 883 1522 nomine,
905 1477 1133 1525 undique
1167 1477 1293 1515 mihi
1322 1476 1601 1515 reclamari.

129 1533 238 1569 alius
270 1532 480 1577 ‘sciamus,
510 1531 599 1579 quis
633 1532 689 1567 sit
722 1532 767 1568 de
800 1542 876 1579 quo
906 1537 1024 1568 extra
1056 1532 1237 1569 ordinem
1262 1530 1458 1580 reseras';
1494 1532 1603 1568 alius

132 1586 246 1634 ‘quis
265 1590 324 1622 est
346 1590 439 1621 ante
465 1585 703 1621 relationem
727 1583 862 1621 reus.²’
893 1585 1001 1622 alius
1038 1585 1171 1622 ‘salui
1195 1596 1343 1628 sumus,
1370 1585 1441 1633 qui
1468 1595 1603 1632 super-

128 1636 295 1676 sumus!
349 1638 370 1684 ξ
399 1637 448 1674 18
485 1636 619 1685 (when
655 1635 728 1673 the
758 1648 851 1674 case
881 1648 999 1675 came
1030 1648 1099 1681 on,
1129 1636 1215 1675 and
1242 1636 1366 1686 Pliny
1400 1636 1527 1685 spoke
1559 1636 1604 1674 in

129 1689 197 1728 his
216 1690 333 1737 turn)
353 1691 499 1727 mirum
518 1701 598 1738 qua
625 1690 862 1736 intentione,
884 1691 1027 1739 quibus
1060 1691 1300 1728 clamoribus
1330 1692 1465 1728 omnia
1494 1702 1604 1728 exce-

123 1745 264 1794 perint
284 1744 355 1792 qui
373 1744 485 1780 modo
504 1742 869 1781 reclamabant:
897 1749 1015 1781 tanta
1033 1745 1239 1781 conuersio
1257 1744 1325 1781 uel
1343 1744 1496 1791 negyotii
1517 1744 1605 1791 dig]-

129 1798 303 1835 nitatem
319 1797 386 1834 uel
398 1802 640 1844 prouentum
663 1797 860 1834 orationis
893 1797 960 1834 uel
989 1797 1138 1834 actoris
1171 1798 1443 1834 constantiam
1471 1797 1604 1834 subse·

131 1855 227 1888 cuta
245 1854 316 1887 est.
373 1849 463 1896 §19
484 1849 614 1897 finio:
646 1849 795 1898 incipit
814 1850 1047 1898 respondere
1079 1850 1268 1889 Veiento:
1299 1861 1442 1887 nemo
1475 1848 1604 1898 pati-

130 1905 231 1940 tur:
260 1901 579 1947 obturbatur,
599 1901 928 1950 obstrepitur,
953 1904 1052 1940 adeo
1072 1903 1231 1951 quidem
1248 1908 1295 1940 ut
1311 1904 1461 1940 diceret
1480 1906 1604 1951 ‘roam

124 1961 265 2006 patres
285 1956 514 2004 conscripti,
534 1967 594 2007 ne,
609 1967 667 1993 me
694 1957 847 2003 conatis
873 1956 1076 2004 inplorare
1101 1957 1305 1993 auxilium
1327 1954 1604 1995 tribunorum)

132 2014 172 2047 et
188 2009 330 2047 statim
346 2009 522 2046 Murena
540 2008 724 2046 tribunus
749 2010 962 2057 ‘permitto
982 2009 1072 2054 tibi,
1087 2010 1156 2046 uir
1175 2009 1396 2047 clarissime
1421 2009 1600 2055 Veiento,

133 2060 295 2100 dicere.’
327 2067 420 2099 tunc
441 2072 592 2109 quoque
612 2060 942 2099 reclamatum
961 2067 1032 2101 est.
1083 2063 1103 2109 §
1124 2062 1176 2099 20
1194 2063 1304 2100 inter
1321 2073 1450 2100 moras
1470 2063 1608 2100 consul

133 2115 273 2152 citatis
291 2114 517 2152 nominibus
537 2119 576 2152 et
589 2120 762 2163 peracta
782 2115 1018 2152 discessione
1038 2116 1167 2152 mittit
1194 2120 1379 2153 senatum
1405 2127 1454 2153 ac
1474 2127 1606 2164 paene

134 2168 266 2204 adhuc
284 2172 457 2205 stantem
483 2172 816 2216 temptantemque
843 2169 973 2205 dicere
998 2168 1255 2206 Veientonem
1285 2169 1467 2216 reliquit.
1526 2178 1607 2204 VIII

135 2220 186 2257 14
214 2219 311 2268 long
336 2221 519 2268 tyranny
536 2219 614 2257 has
639 2220 763 2258 made
796 2223 986 2258 senators
1013 2220 1210 2268 ignorant
1241 2220 1286 2258 of
1311 2220 1383 2258 the
1414 2220 1534 2258 order
1565 2220 1611 2258 of

136 2271 406 2321 proceeding3
434 2274 454 2320 ἓ
476 2272 525 2311 16
545 2272 665 2310 allow
682 2284 750 2311 me
777 2274 976 2311 rationem
1001 2275 1152 2311 iudicii
1179 2275 1257 2311 mei
1284 2275 1461 2321 reddere,
1487 2286 1606 2322 quae·

135 2337 210 2374 que
254 2330 348 2363 tunc
380 2326 553 2374 carptim
593 2326 774 2363 multis
811 2325 1230 2375 obstrepentibus
1269 2327 1359 2364 dixi
1395 2338 1501 2364 nunc
1531 2338 1609 2376 per

135 2379 263 2416 otium
291 2378 469 2425 iunyere.
527 2379 737 2427 Applause
763 2378 808 2417 in
831 2378 904 2417 the
931 2383 1076 2418 senate
1102 2391 1146 2416 1v
1171 2381 1195 2419 9
1220 2381 1240 2427 ξ
1262 2380 1324 2417 18.
1383 2391 1445 2416 vn
1466 2380 1516 2417 33
1542 2381 1606 2427 §8

135 2431 411 2469 uox...statim
427 2437 606 2479 excepta.
665 2443 681 2469 1
701 2433 751 2469 23
772 2435 792 2480 ξ
812 2433 835 2470 2
857 2434 1045 2471 conuicia
1069 2432 1115 2470 in
1143 2431 1215 2470 the
1242 2431 1446 2472 tribune's
1473 2435 1605 2471 court.

135 2482 348 2532 Lamprid.
383 2482 596 2522 Commod.
633 2486 788 2523 18—20
818 2484 930 2534 gives
962 2485 1072 2522 from
1102 2484 1262 2522 Marius
1293 2484 1504 2523 Maximus
1534 2485 1608 2524 the

137 2536 326 2585 singular
355 2535 490 2584 litany
520 2536 565 2574 of
593 2536 754 2585 hatred,
790 2539 1106 2577 adclamationes
1134 2543 1297 2588 senatus
1323 2544 1418 2587 post
1445 2544 1609 2577 mortem

140 2589 354 2627 Commodi.
411 2587 504 2626 Add
529 2592 573 2627 to
594 2590 700 2629 lexx.
724 2591 818 2630 Tac.
843 2591 887 2628 h.
915 2602 969 2629 111
1001 2592 1066 2630 68.
1122 2590 1296 2629 Phaedr.
1324 2603 1368 2630 iv
1402 2593 1451 2631 17
1474 2591 1526 2630 26
1549 2593 1608 2638 (to

137 2653 210 2691 cry
227 2639 380 2692 again).
435 2641 529 2679 VM.
549 2653 592 2679 Π
616 2644 639 2681 5
666 2655 693 2681 E
715 2646 736 2691 ἓ
766 2645 800 2682 1.
869 2643 1088 2683 Commod.
1110 2643 1219 2693 apol.
1251 2645 1340 2684 777.
1397 2643 1514 2682 Hier.
1541 2656 1606 2694 ep.

136 2695 218 2733 133
243 2695 267 2734 9
293 2706 354 2744 pr.
379 2693 678 2734 reclamabis
698 2702 737 2735 et
756 2698 876 2737 dices.
