1823 3000
683 219 790 262 IIII
849 219 980 265 7—V
1038 223 1063 262 5
1585 219 1613 266 7

130 321 399 382 periculum
422 321 667 368 senatoris.
737 321 964 366 uidebam
997 336 1110 381 ergo
1144 320 1453 367 aduocationi
1480 338 1614 367 meae

130 420 231 449 non
253 403 487 449 minorem
510 403 716 463 gratiam
740 418 885 462 quam
909 401 952 447 si
973 402 1164 447 uiueret
1186 402 1270 448 ille
1300 402 1610 463 propositam,

130 485 367 531 inuidiam
395 485 594 530 nullam.
666 484 720 529 in
755 499 945 529 summa
975 484 1316 544 conputabam,
1343 484 1384 530 si
1413 499 1612 528 munere
1636 502 1655 531 8

129 565 220 611 1100
242 565 340 610 iam
370 564 518 609 tertio
547 563 791 625 fungerer,
815 563 1081 609 faciliorem
1105 563 1226 609 mihi
1251 563 1614 610 excusationem

78 649 108 693 5
132 645 244 701 fore,
275 645 316 690 si
355 643 464 705 quis
500 643 752 689 incidisset
786 660 930 704 quem
971 660 1071 688 non
1111 643 1338 689 deberem
1373 658 1609 688 accusare.

129 740 244 768 nam
267 739 376 769 cum
400 728 473 768 est
496 724 712 768 omnium
737 723 1000 769 officiorum
1034 723 1144 768 finis
1168 723 1357 784 aliquis,
1387 728 1497 768 tum
1530 737 1612 783 op-

129 804 249 849 time
294 803 512 848 libertati
557 803 703 848 uenia
748 803 976 864 obsequio
1023 808 1355 864 praeparatur.
1433 803 1613 848 audisti
1636 821 1655 849 9

129 883 320 930 consilii
359 883 455 929 mei
491 889 667 942 motus,
711 889 931 944 superest
971 884 1208 929 alterutra
1253 900 1314 930 ex
1360 888 1499 945 parte
1543 883 1613 928 iu-

129 963 308 1009 dicium
331 968 489 1021 tuum,
525 963 579 1008 in
611 979 704 1024 quo
733 963 856 1008 mihi
880 979 1031 1025 aeque
1064 963 1278 1009 iucunda
1311 964 1405 1009 erit
1433 963 1614 1025 simpli-

46 1045 106 1091 10
128 1041 250 1087 citas
272 1042 606 1088 dissentientis
630 1058 777 1103 quam
802 1042 1147 1103 conprobantis
1171 1042 1448 1089 auctoritas,
1487 1042 1607 1089 uale.

845 1162 896 1207 V

370 1257 416 1296 C.
450 1256 675 1295 PLINIVS
712 1255 922 1294 BAEBIO
961 1255 1153 1294 MACRO
1195 1255 1298 1296 SVO
1338 1256 1381 1296 S.

228 1340 520 1403 Pergratum
567 1346 641 1387 est
685 1341 806 1386 mihi
853 1341 978 1402 quod
1029 1346 1129 1386 tam
1167 1340 1426 1402 (11118011ῒο1-
1465 1340 1613 1386 libros
1640 1366 1655 1386 1

128 1421 362 1466 auunculi
384 1420 481 1466 mei
499 1420 688 1466 lectitas
712 1426 768 1465 ut
791 1420 968 1466 habere
992 1435 1157 1465 omnes
1175 1419 1298 1465 uelis
1316 1435 1613 1480 quaerasque

46 1501 104 1546 15
131 1498 215 1559 qui
237 1499 339 1544 sint
362 1515 539 1545 omnes.
612 1499 789 1560 fungar
828 1499 1003 1544 indicis
1042 1499 1263 1559 partibus
1297 1505 1443 1559 atque
1466 1499 1612 1543 etiam
1637 1527 1655 1547 2

129 1597 226 1644 quo
265 1581 366 1628 sint
405 1581 573 1627 ordine
613 1581 780 1642 scripti
815 1587 987 1626 notum
1021 1580 1115 1626 tibi
1149 1579 1348 1625 faciam:
1384 1570 1459 1624 est
1483 1579 1612 1624 enim

127 1661 244 1707 haec
266 1677 458 1723 quoque
481 1660 710 1707 studiosis
732 1676 831 1706 non
854 1660 1125 1705 iniucunda·
1143 1659 1366 1720 cognitio.
1442 1659 1521 1704 ‘de
1544 1658 1611 1704 ia·
1638 1681 1656 1710 3

130 1740 372 1786 culatione
410 1740 624 1801 equestri
661 1741 827 1785 unus':
865 1739 1007 1796 hunc,
1049 1755 1160 1784 cum
1201 1738 1471 1800 praefectus
1508 1737 1612 1784 alae

129 1819 378 1877 militaret,
426 1818 533 1880 pari
566 1818 761 1880 ingenio
801 1834 1010 1879 curaque
1047 1817 1312 1879 conposuit.
1387 1817 1468 1862 ‘dc
1507 1818 1613 1862 uita

44 1905 106 1951 20
131 1902 373 1964 Pomponi
398 1901 609 1948 Secundi
632 1901 763 1958 duo’‚
791 1918 818 1946 a
842 1917 938 1962 quo
962 1899 1277 1961 singulariter
1301 1905 1491 1944 amatus
1524 1898 1613 1944 hoc

130 1981 389 2028 memoriae
412 1981 554 2027 amici
578 1981 718 2042 quasi
742 1981 962 2026 debitum
987 1995 1165 2025 munus
1188 1979 1410 2025 exsoluit.
1487 1983 1497 2003 ‘
1514 1978 1609 2023 bel·
1637 2008 1655 2034 4

128 2062 284 2108 lorum
323 2061 613 2108 Germaniae
650 2061 831 2122 uiginti
846 2061 870 2118 ’‚
911 2060 1087 2122 quibus
1133 2061 1296 2106 omnia
1342 2075 1464 2120 quae
1503 2075 1611 2104 011111

130 2142 387 2189 Germanis
420 2143 654 2204 gessimus
683 2143 810 2188 bella
847 2141 1053 2202 collegit.
1125 2140 1387 2198 inchoauit,
1421 2156 1530 2185 cum
1561 2139 1614 2184 in

131 2221 392 2268 Germania
410 2222 657 2280 militaret,
688 2222 875 2267 somnio
899 2220 1140 2266 monitus:
1179 2218 1373 2264 adstitit
1397 2218 1440 2262 ei
1459 2216 1615 2278 quies-

43 2303 106 2349 25
129 2303 259 2349 centi
282 2301 437 2348 Drusi
467 2301 680 2347 Neronis
714 2301 905 2361 effigies,
942 2300 1028 2360 qui
1060 2298 1349 2345 Germaniae
1379 2297 1613 2342 latissime

129 2384 288 2429 uictor
309 2383 379 2428 ibi
401 2383 560 2444 periit,
579 2382 946 2428 commendabat
969 2380 1248 2426 memoriam
1267 2392 1401 2423 suam
1427 2375 1613 2422 orabat-

129 2479 224 2525 que
256 2467 315 2508 ut
353 2478 403 2509 se
439 2463 500 2508 ab
540 2463 721 2508 iniuria
751 2461 1013 2508 obliuionis
1052 2460 1305 2505 adsereret.
1381 2456 1613 2502 ‘studiosi
1640 2482 1654 2510 3

210 2556 263 2593 12
287 2553 498 2593 BAEBIO
526 2567 600 2594 om.
635 2557 885 2602 MVFDpra:
916 2555 1047 2592 ‘solus
1073 2552 1378 2591 Riccardianus
1402 2551 1449 2588 in
1474 2550 1611 2590 indice

129 2622 187 2661 ad
203 2620 411 2660 Baebium
438 2619 629 2659 Macrum
656 2622 823 2659 missam
852 2632 935 2660 esse
966 2619 1090 2658 dicit'
1253 2617 1304 2654 24
1331 2615 1468 2655 astitit
1498 2617 1611 2655 enim

129 2689 168 2728 ei
186 2692 246 2737 Pp
435 2686 572 2726 astitit
590 2687 705 2727 enim
735 2693 772 2728 ς·
945 2686 994 2725 26
1023 2683 1131 2735 perit
1157 2683 1426 2724 commendat
1444 2686 1478 2722 D
