1823 3000
159 219 215 258 22
741 216 786 259 X
844 215 1001 258 4—XI
1033 218 1060 258 3

119 338 136 366 ⁵
158 316 290 362 intra
309 322 406 362 'uos
443 316 623 373 futura,
664 316 814 362 donec
854 316 1041 377 placeat
1077 315 1311 360 emittere.
1383 313 1510 375 quod
1556 328 1634 359 su·

160 400 330 456 perest,
357 412 472 457 rogo
502 401 560 441 ut
593 397 700 457 pari
734 396 1057 457 simplicitate,
1091 396 1133 441 si
1166 411 1261 456 qua
1295 393 1637 441 existimabitis

119 490 138 520 6
157 474 379 521 addenda
401 475 741 520 commutanda
765 475 1045 533 omittenda,
1070 475 1292 521 indicetis
1315 474 1448 522 mihi.
1519 474 1637 520 diffi-

158 556 248 602 cile
266 563 340 602 est
359 557 603 618 hucusque
627 557 879 602 intendere
903 558 1120 602 animum
1143 557 1195 601 in
1211 556 1394 614 dolore3
1428 555 1633 612 difficile,

159 636 243 683 sed
265 642 429 683 tamen
459 644 514 682 ut
546 638 845 698 scalptorem,
877 642 935 682 ut
962 637 1208 697 pictorem,
1242 636 1327 697 qui
1360 636 1451 681 filii
1484 635 1636 681 uestri
1660 633 1689 678 5

159 717 420 778 imaginem
460 718 650 776 faceret,
691 717 1015 763 admoneretis
1043 718 1161 778 quid
1201 718 1482 778 exprimere,
1517 716 1637 778 quid

160 797 413 843 emendare
448 798 657 855 deberet,
688 798 758 843 ita
791 813 868 842 me
897 813 1086 858 quoque
1120 797 1326 842 formate
1359 797 1526 858 regite,
1551 796 1637 857 qui

159 895 258 925 non
303 880 522 941 fragilem
568 885 618 926 et
663 881 903 936 caducam,
953 880 1035 926 sed
1079 880 1415 936 immortalem,
1460 884 1517 924 ut
1549 895 1637 925 uos

159 961 357 1023 putatis,
397 961 599 1022 effigiem
642 977 786 1007 conor
822 963 1035 1008 efficere:
1071 978 1194 1023 quae
1234 962 1322 1007 hoc
1359 961 1637 1008 diuturnior

159 1041 265 1099 erit,
293 1056 386 1102 quo
409 1042 568 1087 uerior
591 1042 761 1087 melior
783 1042 1048 1088 absolutior
1065 1042 1223 1088 fuerit.
1295 1040 1466 1086 ualete.
1662 1042 1721 1087 10

859 1179 942 1224 XI

391 1273 434 1312 C.
468 1272 690 1311 PLINIVS
728 1271 882 1310 IVLIO
922 1271 1194 1311 GENITORI
1225 1270 1327 1310 SVO
1368 1270 1408 1311 S.

119 1377 137 1399 ι
259 1353 351 1400 Est
374 1353 570 1399 omnino
588 1353 890 1398 Artemidori
909 1353 1063 1399 nostri
1086 1358 1186 1398 tam
1210 1353 1420 1413 benigna
1442 1356 1631 1410 natura,

160 1438 218 1479 ut
262 1433 416 1479 officia
461 1433 724 1478 amicorum
769 1433 822 1478 in
869 1434 1023 1479 maius
1060 1433 1285 1479 extollat:
1332 1433 1446 1478 inde
1487 1433 1632 1478 etiam

160 1526 321 1557 meum
337 1513 563 1558 meritum
582 1518 637 1558 ut
652 1529 767 1558 uera
783 1513 853 1558 ita
868 1529 1013 1574 supra
1029 1513 1255 1558 meritum
1277 1513 1633 1573 praedicatione
1662 1513 1718 1558 15

119 1611 138 1631 2
161 1591 451 1639 circumfert.
523 1593 759 1654 equidem,
787 1610 894 1638 cum
920 1598 1079 1639 essent
1113 1593 1386 1654 philosophi
1419 1593 1481 1638 ab
1514 1593 1634 1638 urbe

161 1672 403 1729 summoti,
429 1672 502 1717 fui
537 1672 666 1733 apud
700 1673 840 1718 illum
876 1673 927 1718 in
963 1673 1250 1729 suburbano,
1286 1678 1335 1717 et
1369 1688 1464 1733 quo
1497 1676 1633 1716 nota-

162 1750 319 1808 bilius,
347 1751 436 1796 hoc
471 1757 543 1796 est
577 1752 904 1812 periculosius,
942 1757 1078 1808 esset,
1116 1752 1189 1796 fui
1221 1757 1425 1812 praetor.
1495 1766 1634 1811 pecu-

159 1830 290 1875 niam
317 1831 476 1887 etiam,
521 1851 615 1895 qua
656 1837 774 1877 tunc
801 1832 874 1876 illi
909 1831 1138 1891 ampliore
1173 1846 1292 1891 opus
1321 1836 1439 1886 erat,
1466 1835 1523 1874 ut
1555 1845 1634 1875 aes

159 1911 372 1957 alienum
395 1912 666 1957 exsolueret
689 1917 989 1957 contractum
1025 1927 1086 1956 ex
1108 1909 1442 1971 pulcherrimis
1465 1909 1632 1967 causiS,
1659 1909 1719 1954 20

159 1990 487 2036 mussantibus
511 1990 698 2051 magnis
722 1991 1010 2050 quibusdam
1034 1995 1083 2035 et
1116 1990 1435 2051 locupletibus
1469 1989 1634 2034 amicis

117 2086 135 2115 3
161 2075 412 2116 mutuatus
447 2070 548 2130 ipse
583 2071 846 2131 gratuitam
876 2070 998 2116 dedi.
1070 2075 1217 2130 atque
1245 2069 1361 2115 haec
1390 2069 1498 2127 feci,
1523 2085 1633 2115 cum

160 2156 342 2211 septem
382 2149 547 2194 amicis
584 2150 701 2194 meis
741 2155 827 2194 aut
866 2150 1032 2195 occisis
1071 2155 1157 2194 aut
1193 2149 1430 2210 relegatis,
1467 2149 1633 2195 occisis

240 2241 265 2279 3
293 2240 499 2281 indicetis.
541 2241 649 2280 mihi
686 2240 1065 2287 difficile—dolore,
1103 2241 1269 2281 difficile
1306 2244 1348 2280 et
1382 2241 1520 2287 uobis,
1559 2241 1633 2280 sed

161 2306 387 2345 sichardus
407 2312 445 2346 et
464 2309 550 2346 cod.
570 2309 706 2346 Modii
726 2314 893 2347 nonant.
920 2310 1011 2346 lect.
1034 2308 1109 2348 107
1133 2308 1268 2359 (Grut.
1291 2310 1413 2358 lamp.
1433 2320 1461 2346 v
1480 2307 1572 2361 277)

267 2371 291 2409 5
319 2371 569 2420 scalptorem
597 2374 655 2410 Fa.
696 2371 951 2420 sculptorem
982 2375 1070 2418 Dpr
1123 2371 1367 2420 scriptorem
1396 2374 1475 2410 MV

161 2437 212 2475 10
238 2437 376 2475 ualete
416 2438 557 2486 Gieriq
610 2437 705 2477 uale
741 2441 938 2482 MVPDpa
992 2451 1064 2478 om.
1105 2444 1170 2478 rs‘·
1400 2439 1451 2477 12
1477 2438 1632 2478 IVLIO

160 2504 437 2542 GENITORI
463 2507 608 2551 FDpra.
749 2504 902 2542 IVLIO
931 2517 1002 2544 om.
1029 2508 1107 2544 MV
1215 2505 1264 2544 17
1294 2516 1375 2553 quo
1403 2504 1635 2544 notabilius

159 2570 239 2610 hoc
263 2570 535 2620 periculosius
553 2573 660 2610 esset
685 2575 748 2618 Dp
820 2583 902 2620 quo
921 2570 1151 2612 notabilius
1175 2570 1254 2610 hoc
1278 2571 1632 2622 periculosiusque

159 2640 267 2678 esset
294 2639 521 2678 Sichardus
541 2644 580 2678 et
599 2639 683 2677 cod.
706 2639 840 2677 Modii
862 2640 926 2679 Le.
