1823 3000
191 245 218 284 2
813 243 837 286 I
896 247 1039 287 4—10

153 369 170 397 5
192 343 371 401 amicis,
397 343 440 390 si
461 349 626 390 tamen
649 344 724 390 illi
753 360 852 390 non
880 349 1158 405 grauantur.
1231 343 1403 390 deinde
1437 344 1656 404 considit,

192 428 243 469 et
264 423 388 469 liber
409 440 575 469 rursus
597 428 684 468 aut
707 439 861 469 sermo
884 423 1008 468 libro
1030 423 1212 484 potior:
1248 439 1361 468 mox
1384 422 1660 468 uehiculum

193 503 421 562 ascendit,
458 503 669 548 adsumit
703 518 904 547 uxorem
933 502 1190 563 singularis
1223 502 1434 563 exempli
1467 501 1547 547 uel
1575 502 1660 547 ali-

154 600 173 629 6
194 597 336 642 quem
373 582 649 640 amicorum,
691 587 749 626 ut
794 597 870 626 me
915 581 1145 642 proxime.
1219 597 1363 642 quam
1407 580 1662 642 pulchrum

192 661 329 719 illud,
348 676 493 721 quam
518 661 656 705 dulce
680 666 917 705 secretum
939 662 947 705 1
984 665 1222 721 quantum
1239 660 1309 704 ibi
1333 659 1662 720 antiquitatis!
1717 665 1745 709 5

194 757 316 801 quae
344 742 485 799 facta,
525 757 644 801 quos
679 741 808 785 uiros
843 740 1032 786 audias!
1069 741 1243 801 quibus
1279 740 1544 801 praeceptis
1579 740 1666 784 1111-

193 820 364 867 buare!
399 820 621 881 quamuis
661 820 743 865 ille
789 819 878 865 1106
923 825 1358 880 temperamentum
1402 818 1665 864 modestiae

158 926 175 954 7
197 915 310 945 suae
335 900 578 956 indixerit,
596 915 657 943 ne
679 898 952 959 praecipere
975 898 1212 943 uideatur.
1260 898 1465 958 peractis
1483 902 1664 958 septem

196 978 395 1023 milibus
417 993 645 1039 passuum
669 977 847 1021 iterum
871 976 1088 1020 ambulat
1115 976 1260 1034 mille,
1286 976 1463 1020 iterum
1495 975 1666 1021 residit

196 1057 276 1102 uel
322 1073 371 1102 se
422 1056 641 1102 cubiculo
693 1071 747 1100 ac
793 1055 906 1100 stilo
957 1055 1130 1100 reddit.
1214 1054 1381 1100 scribit
1425 1054 1568 1112 enim,
1616 1058 1666 1099 et
1688 1056 1748 1103 10

198 1137 392 1197 quidem
433 1141 638 1196 utraque
674 1135 855 1195 lingua,
893 1134 1046 1194 lyrica
1083 1135 1377 1180 doctissime:
1412 1134 1536 1179 mira
1568 1134 1666 1180 illis

199 1215 412 1272 dulcedo,
449 1215 572 1259 mira
606 1214 834 1271 suauitas,
871 1213 994 1258 mira
1033 1213 1267 1270 hilaritas,
1298 1212 1433 1258 cuius
1459 1212 1667 1273 gratiam

161 1316 179 1346 ε
200 1296 414 1342 cumulat
451 1295 682 1340 sanctitas
722 1295 988 1341 scribentis.
1065 1294 1151 1339 ubi
1184 1293 1303 1339 hora
1335 1293 1515 1338 balinei
1547 1309 1668 1338 nun-

202 1376 324 1421 tiata
356 1381 429 1421 est
471 1376 562 1437 (est
597 1380 761 1420 autem
795 1375 952 1419 hieme
986 1390 1127 1431 nona,
1157 1379 1341 1419 aestate
1376 1374 1578 1435 octaua),
1615 1375 1668 1420 in

200 1456 313 1515 sole,
341 1456 380 1501 si
405 1461 534 1501 caret
557 1461 718 1513 uento,
747 1455 965 1500 ambulat
997 1455 1169 1500 nudus.
1239 1455 1410 1500 deinde
1444 1461 1668 1501 mouetur
1690 1457 1749 1503 15

200 1535 298 1596 pila
334 1534 645 1579 uehementer
690 1539 739 1578 et
775 1533 889 1579 diu:
924 1549 1038 1578 nam
1083 1533 1172 1578 hoc
1217 1549 1405 1594 quoque
1442 1534 1668 1578 exercita-

201 1614 347 1659 tionis
370 1629 542 1674 genere
566 1617 751 1673 pugnat
775 1628 884 1657 cum
908 1617 1168 1658 senectute.
1239 1612 1368 1657 lotus
1398 1612 1597 1657 accubat
1619 1617 1668 1658 et

201 1695 446 1756 paulisper
483 1695 643 1739 cibum
683 1694 869 1739 differt:
917 1693 1116 1738 interim
1153 1693 1290 1737 audit
1325 1693 1564 1753 legentem
1600 1708 1669 1738 re-

202 1773 394 1818 missius
439 1772 624 1832 aliquid
669 1776 718 1816 et
764 1771 961 1817 dulcius.
1031 1787 1118 1832 per
1161 1771 1250 1816 hoc
1295 1787 1434 1817 omne
1479 1777 1670 1832 tempus

199 1852 407 1897 liberum
430 1856 502 1896 est
525 1850 691 1896 amicis
715 1850 793 1895 uel
817 1850 981 1895 eadem
1004 1851 1157 1895 facere
1182 1851 1259 1895 uel
1283 1851 1391 1908 alia,
1418 1850 1459 1895 si
1481 1851 1665 1896 malint.
1691 1851 1752 1897 20

161 1951 181 1981 9
201 1929 460 1990 adponitur
515 1944 632 1973 cena
679 1944 777 1973 non
829 1928 989 1973 minus
1041 1929 1198 1973 nitida
1249 1944 1394 1989 quam
1445 1928 1575 1988 frugi
1617 1929 1671 1974 in

203 2015 401 2071 argento
440 2024 561 2070 puro
601 2014 650 2053 et
688 2008 911 2068 antiquo:
947 2013 1061 2053 sunt
1096 2009 1149 2053 in
1182 2024 1273 2053 usu
1314 2014 1362 2053 et
1402 2008 1666 2066 Corinthia,

203 2090 379 2150 quibus
403 2089 668 2133 delectatur
701 2103 788 2132 1166
818 2087 1053 2133 adficitur.
1123 2087 1402 2147 frequenter
1434 2088 1670 2134 comoedis

203 2184 321 2214 cena
355 2167 688 2227 distinguitur,
724 2171 781 2210 ut
814 2166 1091 2226 uoluptates
1127 2182 1316 2227 quoque
1351 2166 1525 2212 studiis
1563 2183 1671 2212 con-

203 2249 411 2294 diantur.
461 2247 609 2292 sumit
631 2246 814 2306 aliquid
838 2246 896 2291 de
913 2252 1053 2292 nocte
1076 2251 1126 2292 et
1143 2253 1349 2292 aestate:
1383 2246 1567 2291 nemini
1579 2247 1668 2292 hoc
1690 2245 1751 2290 25

144 2356 184 2376 10
204 2328 401 2387 longum
424 2331 497 2371 est
512 2343 526 2384 3
559 2329 698 2370 tanta
721 2324 946 2370 comitate
969 2325 1250 2370 conuiuium
1272 2324 1496 2371 trahitur.
1555 2324 1669 2370 inde

201 2406 278 2451 illi
298 2410 408 2467 post
434 2404 692 2465 septimum
724 2409 774 2449 et
804 2405 1243 2465 septuagensimum
1266 2421 1448 2450 annum
1477 2405 1668 2450 aurium

285 2550 308 2588 1
337 2548 515 2588 considit
534 2552 645 2588 MVD
698 2549 883 2588 considet
902 2553 1012 2597 Ppra
1154 2551 1178 2590 9
1206 2561 1377 2599 passum
1395 2553 1430 2589 D
1569 2549 1669 2588 resi-

204 2617 268 2656 dit
284 2621 395 2656 ΜΠ)
447 2617 602 2656 residet
621 2621 731 2664 Fpra
891 2619 940 2655 11
970 2616 1208 2656 doctissime
1233 2621 1372 2656 MVrS·
1425 2616 1668 2657 doctissima

204 2688 325 2732 era.
483 2685 533 2722 23
561 2696 637 2723 1166
656 2683 849 2724 adficitur
867 2689 977 2724 ΜΠ)
1031 2687 1211 2725 Riecard
1230 2688 1269 2725 et
1289 2685 1481 2725 adficitur
1498 2690 1609 2734 Fpra
