1823 3000
141 223 194 263 62
249 224 468 266 CVSTOS.
511 225 699 267 IVLIVS
730 226 995 266 GENITOR.
1035 227 1394 268 EMENDATVS.
1442 228 1612 278 [11145

143 321 240 358 hacc
277 322 378 359 auia
413 322 551 371 nepoti
581 322 790 371 praecipit
826 326 864 360 et
900 322 1155 360 irascendum
1189 335 1272 360 non
1308 335 1387 360 esse
1423 324 1615 371 magister

140 374 478 412 iracundissimus
511 375 708 423 disputat.
765 374 842 412 110
869 375 889 421 ἓ
917 374 939 411 1
970 385 1084 412 some
1112 374 1268 413 believe
1295 377 1516 424 unicuique
1543 388 1612 414 no-

140 431 268 464 strum
303 426 654 476 paedagogum
691 428 786 465 dari
824 427 941 465 deum
979 427 1018 478 (a
1047 426 1222 476 genius).
1283 429 1358 465 123
1387 430 1408 476 ξ
1436 429 1485 465 11
1514 429 1612 467 istos

143 480 276 517 tristes
293 485 331 517 et
344 481 637 529 superciliosos,
653 481 814 518 alienae
828 481 940 518 uitae
955 492 1145 528 censores,
1162 493 1258 518 suae
1276 482 1417 526 hostes,
1427 482 1613 530 publicos

141 531 472 581 paedagogos,
508 534 610 571 assis
640 545 689 571 ne
715 533 878 582 feceris.
934 532 984 571 de
1013 532 1076 570 ira
1104 544 1139 570 11
1164 534 1212 570 21
1239 535 1260 580 ἓ
1291 533 1314 571 6
1343 546 1424 571 non
1451 535 1613 572 resistet

141 585 489 633 offensi8,...cuius
510 587 697 624 lacrimas
715 586 899 624 sollicita
918 597 1068 635 semper
1093 591 1221 624 mater
1245 587 1446 633 abstersit,
1469 588 1538 624 cui
1566 587 1613 624 de

142 637 427 686 paedagogo
445 639 703 688 satisfactum
721 643 792 676 est.
849 637 1053 686 Quintil.1
1075 639 1096 676 1
1118 640 1160 686 ἓξ
1181 640 1218 676 8.
1241 640 1304 676 11.
1327 651 1343 676 1
1359 640 1381 675 2
1411 641 1454 687 ἕξ
1475 640 1538 678 10.
1560 640 1612 678 25

141 691 460 729 exhortationem
479 692 718 736 docentium,
738 690 1143 740 paedagogorum
1172 691 1471 730 custodiam.
1525 703 1569 730 VI
1590 692 1612 729 1

141 745 163 790 ἕ
190 743 240 780 41
271 755 296 781 a
322 743 403 792 boy
429 743 611 792 brought
638 743 816 783 fol-ward
842 743 932 782 into
961 746 1078 782 court
1105 747 1150 782 to
1179 756 1325 782 arouse
1362 744 1463 794 pity,
1492 744 1614 783 when

142 795 273 834 asked
287 795 359 834 the
373 808 522 834 reason
538 797 584 834 of
597 796 666 835 his
685 798 810 843 tears,
823 797 977 846 replied
997 810 1023 834 a
1042 796 1329 846 paedagogo
1347 810 1387 835 se
1407 799 1613 836 vellicari.

143 848 255 886 Tert.
277 848 326 887 de
348 861 417 889 an.
443 850 478 889 1.
528 849 672 888 Ambr.
693 849 744 888 de
773 849 878 888 Cain
906 861 922 888 1
949 852 970 897 ξ
997 850 1061 888 14.
1103 850 1207 898 Aug.
1229 849 1338 888 conf.
1366 862 1382 888 1
1410 852 1430 898 ξ
1456 851 1507 888 30
1536 855 1610 891 ter.

140 900 256 939 Hier.
291 913 356 950 ep.
388 903 463 942 117
496 902 557 941 10.
614 902 778 952 Vopisc.
812 903 912 941 Aur.
943 904 995 943 37
1024 905 1045 950 ἓ
1077 903 1115 940 3.
1171 903 1282 941 Plut.
1315 915 1350 940 11
1386 904 1464 942 439
1498 903 1612 952 (uirt.

142 953 278 992 doceri
296 956 351 1003 2).
403 955 514 994 Plut.
536 954 587 993 de
612 967 727 1004 puer.
752 954 868 994 educ.
891 957 928 996 7.
951 957 1012 994 13.
1035 955 1098 994 16.
1142 955 1340 996 Philostr.
1366 955 1482 1004 soph.
1509 968 1542 993 11
1562 957 1613 994 21

141 1009 162 1055 §
182 1009 205 1045 3
225 1007 271 1045 in
291 1007 363 1046 the
383 1008 524 1046 school
545 1009 588 1046 of
613 1008 826 1057 Proculus,
847 1008 942 1047 that
962 1009 1033 1047 the
1060 1008 1245 1047 scholare
1265 1008 1401 1057 might
1421 1011 1496 1047 not
1521 1008 1613 1047 hiss

142 1059 227 1098 and
249 1060 333 1110 jeer
357 1073 437 1099 one
465 1061 653 1110 another,
678 1073 726 1100 as
750 1061 823 1100 the
847 1073 1026 1100 manner
1043 1073 1142 1105 was,
1165 1061 1221 1098 all
1239 1073 1341 1099 were
1368 1061 1615 1100 summoned

142 1115 186 1152 at
211 1125 332 1160 once3
361 1113 432 1152 the
452 1114 553 1163 boys
572 1117 638 1152 sat
655 1127 711 1153 on
730 1126 809 1153 one
828 1113 928 1160 side,
948 1114 1021 1153 the
1044 1113 1199 1163 youths
1219 1126 1274 1152 on
1293 1113 1364 1152 the
1390 1115 1521 1160 other,
1541 1114 1614 1153 the

135 1168 367 1215 paedayoyi
387 1166 431 1205 in
451 1167 523 1205 the
541 1167 684 1206 midst.
740 1168 848 1205 lexx.
869 1174 1008 1206 custos.
1030 1169 1303 1217 paedayofflus.
1360 1167 1538 1206 Casaub.
1558 1179 1615 1206 on

140 1219 253 1258 Pers.
274 1231 301 1259 v
319 1221 383 1258 30.
438 1231 599 1260 REcron
627 1220 721 1260 Tac.
749 1221 863 1260 Suet.
883 1220 1031 1259 Iustin.
1053 1221 1098 1257 in
1117 1219 1354 1260 Forcellini.

221 1303 241 1349 ξ
271 1306 294 1340 5
331 1313 487 1339 vmsson
517 1302 567 1340 15
586 1304 606 1351 ἓ
625 1303 661 1342 3.
689 1301 737 1340 16
767 1304 785 1349 ἓ
807 1302 842 1340 1.
885 1301 968 1341 Cic.
995 1302 1095 1340 finn.
1122 1313 1157 1339 11
1176 1303 1196 1349 ἓ
1218 1302 1280 1339 15.
1301 1301 1397 1340 n.d.
1418 1313 1435 1339 1
1454 1303 1475 1350 ξ
1494 1302 1532 1342 8.
1565 1301 1614 1340 de

142 1365 201 1392 or.
222 1365 256 1391 11
275 1357 295 1403 g
314 1355 366 1393 40
385 1355 659 1394 Henrichsen.
682 1355 752 1394 off.
773 1367 790 1393 1
808 1357 829 1404 ἕ
851 1354 873 1392 1
892 1366 930 1404 p.
953 1354 977 1391 4
999 1354 1129 1393 Beier.

220 1435 249 1474 1.
272 1437 321 1476 27
350 1447 651 1474 DEMONSTRARE
682 1438 747 1473 ‘to
783 1434 904 1484 point
940 1433 1017 1480 to;'
1056 1434 1158 1472 used
1187 1434 1289 1473 with
1326 1441 1442 1481 nutu,
1476 1448 1612 1482 manu,

135 1490 285 1539 pollice
298 1503 310 1527 :
343 1491 411 1527 ‘to
429 1488 714 1527 recommend'
734 1498 881 1538 paneg.
903 1487 952 1526 62
973 1489 1283 1526 demonstramus
1304 1490 1489 1529 inuicem.

220 1574 366 1601 rvmvu
391 1574 637 1601 Gssxrronnm
663 1563 708 1602 to
732 1561 823 1600 him
849 1573 918 1600 are
943 1561 1165 1600 addressed
1190 1573 1252 1610 ep.
1276 1562 1338 1601 11.
1362 1573 1424 1598 vn
1449 1561 1501 1600 30
1526 1561 1562 1610 (ξ
1589 1562 1612 1600 1

142 1622 328 1666 torqueor
347 1617 452 1664 quod
471 1617 729 1665 discipulum,
744 1621 790 1653 ut
808 1617 965 1660 scribis,
983 1617 1156 1663 optimae
1176 1616 1261 1663 spei
1281 1616 1471 1660 amisisti,
1493 1617 1609 1653 cuius

141 1675 181 1708 et
199 1671 433 1707 ualetudine
453 1674 491 1708 et
509 1675 632 1707 morte
651 1669 849 1718 impedita
867 1669 1005 1706 studia
1027 1673 1099 1705 tua
1115 1669 1258 1716 quidni
1273 1669 1428 1705 sciam?
1449 1680 1538 1706 cum
1555 1669 1612 1706 sis

141 1724 315 1761 omnium
340 1723 555 1770 officiorum
580 1722 964 1769 observantissimus,
995 1732 1161 1770 cumque
1187 1732 1316 1758 omnes
1343 1732 1440 1769 quos
1461 1722 1612 1769 probas

143 1777 376 1824 effusissime
398 1776 562 1823 diligyas.
613 1777 634 1822 ξ
653 1774 678 1811 4
709 1775 862 1812 libellos
881 1786 984 1811 meos
1004 1775 1050 1811 dc
1070 1775 1222 1811 ultione
1242 1774 1418 1811 Heluidi
1437 1774 1613 1812 orationi

142 1828 424 1866 Demosthenis
455 1829 555 1865 κατὰ
589 1828 751 1865 Μειδίου
781 1826 967 1876 confers).
1015 1837 1059 1863 rx
1086 1828 1135 1865 17
1164 1829 1184 1873 ξ
1211 1827 1233 1863 1
1264 1827 1440 1875 quereris
1477 1827 1612 1864 taedio

142 1882 220 1919 tibi
244 1882 376 1930 fuisse
406 1882 592 1929 quamuis
626 1881 895 1918 lautissimam
930 1891 1080 1924 cenam,
1120 1881 1219 1928 quia
1250 1891 1412 1916 scurrae
1450 1880 1612 1918 cinaedi

141 1935 336 1972 moriones
364 1935 509 1971 mensis
541 1934 792 1971 incr-rabant.
848 1935 869 1980 ξ
897 1933 920 1969 2
957 1933 1021 1969 uis
1054 1938 1098 1969 tu
1129 1933 1332 1969 remittere
1363 1933 1530 1980 aliquid
1560 1944 1610 1970 ex

141 1988 281 2035 ruyis?
302 1987 481 2036 equidem
499 1987 608 2024 nihil
627 1987 707 2023 tale
728 1986 867 2030 habeo,
889 1985 1075 2022 habentes
1096 1990 1228 2022 tamen
1243 1985 1351 2032 fero.
1407 1987 1427 2032 ἓ
1447 1987 1470 2022 3
1492 1997 1614 2034 quam

141 2041 285 2078 ‘multos
305 2044 431 2088 putas
459 2050 553 2084 esse,
581 2050 675 2087 quos
701 2050 749 2076 ea
767 2039 907 2087 quibus
927 2049 996 2085 eqo
1016 2042 1054 2075 et
1074 2042 1118 2075 tu
1145 2039 1328 2086 capimur
1345 2042 1383 2075 et
1411 2039 1608 2086 ducimur,

138 2094 295 2142 partim
319 2097 366 2129 ut
393 2093 533 2140 inepta
558 2092 717 2140 partim
742 2096 788 2128 ut
814 2091 1094 2128 molestissima
1112 2091 1317 2139 offendant
1339 2092 1402 2138 (as
1427 2090 1611 2139 reading,

143 2144 289 2191 musio,
328 2143 468 2192 acting
505 2146 548 2182 at
578 2143 882 2192 dinner)...non
915 2144 1068 2180 minore
1106 2155 1195 2180 cum
1232 2144 1365 2181 taedio
1403 2144 1607 2191 recubant,

143 2210 266 2247 quam
296 2202 340 2235 tu
368 2199 450 2234 ista
481 2196 554 2248 (sic
587 2197 694 2234 enim
723 2195 921 2246 appellas)
949 2197 1146 2244 prodiyia
1171 2207 1384 2244 perpessus
1421 2208 1474 2235 es.
1533 2199 1555 2245 ς
1586 2197 1613 2234 4

143 2253 278 2289 demus
310 2252 439 2299 iyitur
469 2250 618 2287 alienis
648 2249 979 2288 oblectationibus
1017 2249 1193 2293 ueniam,
1231 2253 1277 2286 ut
1309 2250 1456 2286 nostris
1489 2250 1611 2299 irnpe-

143 2310 301 2342 tremus.

223 2386 264 2422 P.
288 2381 357 2422 51.
383 2382 406 2419 1
435 2392 594 2420 1vn1cxo
622 2382 646 2419 2
667 2383 688 2430 §
707 2383 794 2420 3n.

222 2463 249 2503 1.
276 2464 300 2500 2
327 2473 573 2500 EMENDATVS
611 2459 858 2501 ‘faultless'.
901 2471 945 2499 Π
965 2461 1014 2500 27
1035 2463 1056 2509 ξ
1075 2460 1098 2500 6
1129 2462 1261 2510 possis
1290 2474 1338 2500 ex
1372 2464 1442 2501 hoc
1471 2464 1612 2513 facere

144 2518 426 2562 coniecturam,
448 2528 571 2565 quam
596 2516 652 2553 sit
679 2513 973 2553 emendatus
1002 2515 1246 2560 adulescens,
1274 2517 1346 2564 qui
1372 2528 1399 2553 a
1416 2518 1612 2564 91·αυίεεί-

143 2571 220 2608 mis
250 2570 410 2607 senibus
444 2570 509 2606 hic
541 2573 713 2607 amatur.
773 2578 816 2605 VI
837 2568 861 2605 2
879 2569 900 2615 ξ
920 2568 957 2607 9.
989 2578 1070 2604 VIII
1090 2568 1140 2604 22
1160 2569 1181 2614 ἓ
1200 2568 1224 2604 2
1253 2579 1322 2615 eqo
1355 2571 1547 2617 optimum
1575 2575 1614 2608 et

145 2620 615 2660 emendatissimum
642 2621 828 2659 existimo
847 2621 920 2670 qui
946 2621 1087 2658 ceteris
1107 2622 1170 2658 ita
1195 2621 1381 2668 iynoscit,
1410 2626 1614 2670 tamquam

144 2677 229 2725 ipse
250 2675 397 2713 cotidie
415 2679 568 2724 peccet,
588 2675 652 2713 ita
670 2674 852 2724 peccatis
872 2674 1058 2719 abstinet,
1081 2677 1286 2722 tamquam
1309 2675 1462 2712 ‘nemini
1481 2676 1611 2723 iquos-

1797 1144 1804 1175 ἒ

1793 1187 1823 1221 ¹1¹

1821 1223 1823 1236 A

1798 1324 1816 1356 ζ’.

1809 1367 1817 1403 1

1811 1406 1817 1471 Ξ

1788 1479 1817 1498 ‘'.

1807 2940 1816 2949 .

1803 2967 1823 3000 *a
