1775 3010
136 220 166 259 '7⁴
180 219 223 268 8]
358 217 515 256 HARD
554 217 743 258 mOES.
798 217 1051 257 POMPEIA
1087 216 1390 256 CELERmA.
1536 216 1616 258 249

136 313 399 361 concupiscis,
418 312 583 361 aliquid
599 313 647 350 in
666 312 737 349 hoc
757 311 876 349 litore
889 323 1011 360 para.
1051 322 1080 348 v
1094 310 1145 348 14
1165 310 1250 358 (15)
1270 312 1291 357 ἓ
1310 309 1335 346 8
1354 308 1618 346 circumibam

135 367 301 414 aqellos‚
320 367 537 404 audiebam
552 366 725 402 multum
740 368 986 402 rusticarum
1011 364 1293 414 querellarum,
1314 363 1493 400 rationes
1514 362 1614 410 leye-

136 419 227 456 bam
245 420 403 457 inu-itus
425 423 465 456 et
483 419 645 456 cursim.
693 428 737 454 τι
756 418 780 455 3
800 419 820 464 ἓ
841 418 863 454 1
881 418 1042 466 yratias
1060 428 1149 465 ayo,
1173 416 1280 465 quod
1305 415 1482 463 ayellum
1500 426 1617 463 quem

133 473 291 510 nutrici
308 484 419 510 meae
439 472 686 510 donaueram
701 471 907 508 colendum
919 471 1144 519 suscepisti.
1187 473 1288 513 erat,
1303 480 1392 506 cum
1410 468 1614 513 donarem,

134 530 291 563 centum
316 526 478 563 milium
502 534 725 568 nummum;
749 535 824 572 pos
806 529 893 561 stea.
920 523 1238 561 decrescente
1265 520 1434 559 reditu
1462 520 1615 558 etiam

133 578 355 626 pretium
391 576 592 621 minuit,
623 577 729 626 quod
764 588 871 614 nunc
911 581 947 614 te
986 581 1152 614 curante
1188 575 1413 623 reparabit.
1470 584 1551 611 ΠΗ
1589 574 1613 610 2

135 630 399 669 abatements
425 629 549 668 made
574 632 620 667 to
647 628 720 667 the
748 631 921 667 tenants
949 629 991 666 oi
1017 628 1087 666 his
1113 627 1347 677 vineyards.
1403 626 1454 664 cf.
1481 625 1538 665 ib.
1564 627 1612 664 15

134 687 155 732 ξ
183 684 218 723 1.
262 695 308 722 lx
332 684 396 722 16.
422 684 488 720 20.
531 684 582 720 28
610 685 631 730 ξ
660 685 696 720 2.
743 693 770 720 x
798 684 822 720 8
852 683 934 732 (24)
962 685 982 730 ἕ
1008 684 1030 720 5
1060 694 1249 731 agyrorum
1277 693 1373 730 quos
1402 682 1447 718 in
1476 680 1616 718 eadem

132 739 294 785 reqione
316 738 434 786 [near
453 735 673 774 Tifernum
690 734 952 785 Tiberinum]
966 736 1153 785 possideo
1170 737 1330 780 locatio,
1351 745 1438 771 cum
1453 734 1614 782 alioqui

135 801 230 829 cccc
255 791 434 836 excedat,
459 790 559 827 adeo
584 801 664 827 ηοη
686 795 820 838 potest
849 790 1022 838 differri,
1041 795 1088 826 ut
1109 790 1336 847 proximam
1358 787 1615 836 putationem

134 856 261 882 nouus
282 843 492 882 colonus
513 843 654 892 facere
676 842 828 881 debeat
886 847 1097 890 praeterea
1124 839 1399 879 continuae
1429 838 1613 878 sterili-

132 900 270 935 tates
295 897 477 957 cogunt
504 907 579 933 me
604 894 659 933 de
684 894 1074 933 remissionibus
1100 894 1335 943 cogitare,
1357 905 1528 942 quarum
1546 905 1612 930 ra-

135 951 280 989 tionem
306 950 390 987 nisi
414 960 606 998 praesens
635 949 742 986 inire
770 960 849 986 non
874 960 1049 998 possum.
1105 947 1240 985 cf.V11
1266 947 1358 987 113
1380 948 1418 984 5.
1464 946 1516 983 30
1535 948 1555 994 ξ
1573 947 1612 984 3.

132 1014 177 1040 11
210 1004 273 1042 37.
329 1013 536 1039 PENVRIA
571 1001 781 1041 Ammian.
816 1012 915 1039 mr
953 1001 1002 1040 16
1040 1003 1060 1049 ς
1090 1001 1114 1038 3
1153 1012 1269 1049 αῃνοε
1305 968 1361 1037 ad
1398 1006 1616 1037 extremam

134 1062 348 1094 uastauere
385 1055 693 1103 paenuriam.
765 1066 891 1092 TEMP.
930 1065 1035 1098 1x1Q.
1084 1053 1168 1091 Cic.
1208 1053 1326 1091 Caes.
1364 1052 1455 1090 Liv.
1494 1051 1607 1091 Curt.

132 1120 266 1147 RETRO
286 1120 400 1146 ΑΒΠΤ
429 1120 454 1146 a
477 1119 569 1146 rare
591 1108 831 1156 expression
853 1107 903 1147 ef.
932 1108 1028 1146 Sen.
1048 1106 1178 1156 praef.
1200 1110 1331 1145 contr.
1356 1107 1376 1153 ἓ
1402 1106 1425 1144 6
1452 1111 1499 1143 ut
1519 1117 1612 1154 pos-

131 1164 224 1200 sitis
243 1163 470 1209 aestimare,
495 1163 541 1200 in
567 1163 950 1210 quantum...nescio
971 1173 1053 1210 qua
1081 1161 1305 1209 iniquitate
1333 1166 1507 1197 naturae
1536 1159 1614 1197 elo·

133 1217 298 1264 quentia
318 1227 358 1253 se
377 1217 514 1253 retro
535 1215 689 1253 tulerit.

210 1296 232 1342 ἓ
251 1299 274 1333 8
293 1293 321 1331 l.
344 1295 392 1334 19
415 1304 496 1331 svn
515 1305 648 1330 PROPE
669 1305 794 1331 rorvs
814 1304 861 1331 rx
880 1304 1077 1331 PRAEnns
1105 1293 1128 1331 I
1155 1293 1245 1342 [my
1264 1292 1448 1341 fortune]
1469 1303 1539 1330 am
1559 1291 1614 1342 [is

130 1347 339 1397 invested]
377 1346 529 1384 almost
566 1347 624 1384 all
661 1346 706 1384 in
743 1346 855 1386 land.
916 1347 1021 1385 Hor.
1064 1359 1128 1396 ep.
1167 1358 1202 1384 11
1240 1347 1263 1384 2
1305 1347 1353 1383 12
1391 1358 1474 1384 meo
1508 1357 1614 1384 sum

123 1413 286 1451 pauper
302 1400 355 1438 in
383 1411 507 1438 aere.
564 1401 586 1439 9
608 1402 629 1448 ξ
651 1402 700 1438 13
719 1412 763 1438 11.

209 1479 239 1518 1.
260 1480 312 1518 20
330 1490 498 1517 PENEBO
520 1478 616 1518 Sen.
641 1480 777 1527 tranq.
804 1480 827 1517 8
848 1481 868 1527 ἓ
888 1479 911 1517 5
942 1480 1073 1528 siquis
1100 1480 1147 1517 de
1173 1479 1382 1528 felicitate
1413 1479 1613 1527 Dioyenis

132 1534 307 1578 dubitat,
330 1538 465 1582 potest
491 1533 599 1570 idem
627 1533 814 1570 dubitare
844 1539 883 1570 et
912 1534 958 1570 cle
985 1534 1146 1570 deorum
1176 1532 1455 1570 inmortalium
1486 1537 1612 1577 statii,

131 1587 238 1678 quod
274 1587 362 1624 illis
391 1598 464 1625 uec
499 1585 710 1635 praedia
743 1599 813 1624 nec
846 1587 952 1624 horti
983 1589 1068 1624 sint
1098 1598 1167 1624 nec
1195 1585 1390 1634 grande
1420 1584 1475 1622 in
1505 1584 1614 1622 foro

156 1651 294 1678 enus.

210 1713 241 1752 l.
262 1713 312 1750 21
333 1723 460 1751 socnv
478 1712 524 1750 in
544 1724 568 1751 a
586 1712 722 1758 letter,
746 1712 912 1751 written
931 1715 1041 1751 inter
1059 1715 1187 1750 initIa
1198 1713 1438 1762 felicissimi
1453 1709 1613 1761 princi-

125 1771 252 1816 patus
270 1765 299 1804 i.
309 1778 344 1804 e.
371 1778 454 1806 ΔΑ).
479 1767 531 1806 98
561 1769 604 1815 (x
631 1767 655 1804 2
675 1769 696 1815 ἕ
722 1767 762 1814 2)
781 1765 843 1806 Pl.
871 1766 1027 1804 thanks
1051 1766 1206 1816 Trajan
1226 1766 1290 1803 for
1308 1765 1380 1803 the
1402 1767 1466 1803 ius
1488 1767 1615 1803 trium

133 1821 361 1865 liberorum,
393 1819 549 1867 adding
577 1832 699 1868 eoque
726 1822 856 1868 nzayis
887 1820 1032 1858 liberos
1061 1822 1309 1869 concupisco,
1340 1831 1438 1868 quos
1468 1819 1612 1857 habere

132 1875 257 1911 etiam
274 1874 348 1911 illo
370 1875 600 1911 tristissimo
619 1874 779 1912 saeculo
806 1874 936 1919 uolui,
962 1874 1070 1911 sicut
1093 1878 1208 1922 potes
1235 1873 1387 1910 duobus
1406 1873 1612 1910 matrimo-

131 1928 214 1964 niis
243 1928 342 1966 meis
371 1927 541 1965 credere.
601 1926 689 1964 The
723 1926 876 1964 second
909 1926 1016 1972 wife,
1042 1925 1343 1974 stepdaughter
1376 1925 1419 1963 of
1446 1925 1614 1963 Vettius

131 1978 345 2024 Proculus,
366 1979 464 2017 died
480 1991 514 2019 A.
529 1991 571 2017 D.
589 1981 644 2019 97
667 1979 726 2028 (IX
747 1980 796 2017 13
816 1981 859 2028 ἓξ
879 1980 917 2016 4.
941 1979 1017 2026 13).
1070 1980 1124 2017 In
1139 1979 1213 2017 the
1231 1979 1324 2017 first
1343 1978 1463 2016 three
1481 1978 1613 2016 books

131 2044 189 2071 no
215 2031 407 2071 mention
439 2032 477 2070 is
508 2032 632 2071 made
664 2033 708 2070 of
740 2032 813 2070 the
850 2031 958 2078 wife,
987 2032 1063 2072 but
1095 2032 1156 2073 Pl.
1199 2044 1374 2081 appears
1411 2043 1468 2070 on
1500 2035 1613 2070 most

131 2084 313 2134 friendly
332 2091 462 2123 terms
481 2085 585 2123 with
604 2085 680 2124 her
698 2097 797 2135 very
815 2085 995 2135 wealthy
1013 2085 1180 2124 mother
1199 2085 1402 2134 Pompeia
1422 2084 1613 2123 Celerina

134 2138 165 2190 (1
183 2139 210 2176 4
228 2137 452 2179 addressed
468 2140 512 2177 to
531 2138 627 2177 her:
657 2141 678 2187 ς
697 2140 721 2176 2
742 2152 822 2177 non
841 2139 1061 2177 mehercule
1083 2145 1164 2176 tam
1180 2151 1268 2177 mea
1286 2144 1381 2177 sunt
1400 2150 1503 2187 quae
1523 2150 1612 2176 mea

131 2196 227 2230 sunt
254 2202 378 2240 quam
408 2204 514 2241 quae
549 2198 634 2232 tua.
695 2193 767 2231 hoc
796 2198 929 2231 tamen
961 2193 1157 2242 differunt
1189 2193 1297 2241 quod
1324 2192 1546 2230 sollicitius
1572 2196 1612 2228 et

131 2246 334 2283 intentius
355 2247 417 2284 tui
435 2257 495 2284 me
515 2257 639 2294 quam
660 2246 742 2284 mei
759 2247 984 2295 excipiunt.
1048 2248 1068 2293 ξ
1091 2247 1114 2282 3
1134 2246 1241 2283 idem
1251 2247 1431 2295 fortasse
1451 2245 1612 2282 eueniet

133 2298 210 2335 tibi
233 2296 435 2347 siquando
458 2300 507 2336 in
532 2305 672 2336 nostra
704 2299 939 2337 dener-teris.
995 2300 1101 2347 quod
1119 2300 1242 2336 uelim
1262 2299 1416 2347 jacias,
1431 2298 1613 2346 primum

131 2356 179 2388 ut
199 2351 374 2400 perinde
400 2352 551 2389 nostris
577 2352 693 2390 rebus
720 2363 769 2390 ac
798 2363 890 2389 nos
925 2351 1034 2390 tuis
1064 2352 1312 2401 perfruaris.
1369 2351 1420 2388 18
1448 2352 1469 2398 ἓ
1499 2351 1524 2387 3
1556 2348 1611 2388 he

132 2403 296 2441 dreamt
314 2403 361 2442 of
374 2402 482 2452 her).
535 2404 589 2442 In
616 2404 724 2442 later
750 2404 882 2443 books
911 2405 986 2442 she
1013 2404 1051 2442 is
1080 2404 1195 2442 twice
1223 2402 1469 2441 mentioned
1495 2414 1541 2441 VI
1560 2404 1612 2442 10

132 2459 156 2504 ξς
183 2457 207 2494 1
236 2456 374 2515 (Pliny
401 2459 447 2494 at
474 2455 547 2495 the
575 2456 674 2495 villa
702 2457 748 2495 of
771 2457 839 2495 his
865 2470 1014 2505 socrus,
1047 2456 1185 2495 which
1212 2455 1298 2494 had
1327 2455 1530 2504 belonged
1565 2458 1612 2495 to

131 2508 354 2558 Verginius
370 2508 540 2558 Rufus).
593 2520 622 2548 x
638 2511 690 2548 51
711 2511 796 2559 (12)
816 2522 843 2548 a
860 2509 1096 2548 connexion
1116 2509 1161 2547 of
1184 2509 1253 2547 his
1270 2521 1406 2547 socrus
1434 2512 1527 2547 sent
1554 2507 1613 2558 by

133 2561 289 2612 Trajan
306 2565 351 2600 to
369 2562 588 2611 Bithynia.
648 2562 737 2601 The
756 2563 926 2601 mother
945 2563 991 2601 of
1012 2562 1081 2601 his
1099 2562 1215 2601 third
1233 2563 1339 2610 wife,
1365 2561 1606 2611 Calpurnia,

132 2618 287 2654 cannot
318 2614 371 2653 be
398 2618 557 2660 meant,
588 2627 635 2654 as
667 2616 742 2654 she
773 2628 857 2654 was
887 2628 942 2654 an
971 2616 1150 2665 orphan.
1206 2615 1611 2654 MOMMSEx.cV1vs

131 2679 234 2710 Anca
261 2679 347 2707 non
379 2679 502 2708 sncvs
529 2680 578 2708 Ac
610 2681 696 2708 m
726 2681 834 2708 vron
862 2669 1015 2708 Catuli.
1046 2670 1097 2708 10
1123 2669 1174 2708 31
1203 2670 1257 2708 32
1292 2681 1445 2719 uerum,
1475 2674 1612 2708 utrum
