1775 3010
176 233 253 274 156
498 233 738 285 ALIQVID.
796 235 1064 277 IVGVLVM.
1125 234 1331 276 TELVM.
1428 236 1573 287 [VIIII
1591 235 1642 275 21

177 325 340 366 docui.
395 326 570 375 Quintil.
600 339 645 365 Ἦ
678 329 702 365 2
732 329 753 376 ξ
785 329 810 366 3
848 329 988 377 diynos
1021 341 1049 367 a
1085 330 1228 378 quibus
1265 340 1464 367 causam
1500 330 1644 369 diserti

177 379 490 418 docerentur.
538 380 692 418 Come.
739 392 908 424 ALIQvn)
933 382 1226 430 ‘something’3
1247 382 1363 419 often
1380 380 1643 421 confounded

178 431 234 480 by
251 431 472 480 beginners
494 433 556 480 (as
576 434 778 482 quispiam
804 432 842 470 is
869 432 957 471 still
978 433 1024 471 in
1049 446 1293 482 grammate,
1315 445 1382 471 see
1407 433 1571 472 Bitschl
1596 433 1643 473 in

178 483 476 522 Reifferscheid
496 485 608 524 Suet.
630 485 701 523 rel.
724 486 815 534 524)
837 486 939 523 with
959 488 1180 535 quidquam
1206 488 1328 534 (ullus
1353 485 1466 537 θεὴ),
1487 497 1513 524 a
1536 486 1644 526 later

180 548 253 575 use
273 537 336 574 for
354 537 489 575 which
510 549 577 575 see
597 537 717 586 Cypr.
742 539 817 578 817
839 537 888 576 16
910 539 1088 589 (Hartel)
1109 540 1157 577 in
1181 538 1493 587 aliquo=ulLa
1518 540 1565 578 in
1585 551 1644 579 re.

181 591 257 628 828
277 590 341 627 22.
362 590 440 628 830
460 590 522 627 14.
545 590 702 639 [Cypr.]
722 589 773 628 de
799 603 876 630 res,
904 592 992 629 104.
1048 592 1188 630 Ambr.
1209 591 1400 629 hexaem.
1420 603 1446 629 v
1470 594 1490 639 ξ
1511 592 1574 630 12.
1594 591 1645 630 de

179 641 325 680 Parad.
341 645 361 690 ἓ
375 643 436 681 17.
486 643 589 690 Aug.
606 642 655 680 de
675 642 772 681 trin.
788 655 804 680 1
824 645 878 692 §2
908 644 1000 694 (col.
1021 644 1137 682 11550
1156 643 1216 683 ed.
1244 644 1436 692 Gaume).
1473 645 1516 691 ἐξ
1535 645 1559 682 5
1578 656 1640 693 pr.

181 694 247 732 6f.
268 696 318 732 23
333 695 360 734 f.
419 694 537 734 Vinc.
563 695 670 733 Vict.
688 707 751 744 ap.
766 696 870 744 Aug.
891 695 1020 736 anim.
1044 697 1142 744 orig.
1167 708 1184 733 1
1205 697 1268 737 17.
1324 695 1438 735 Hier.
1464 708 1528 745 ep.
1549 698 1599 736 92
1619 698 1644 734 3

183 747 325 796 (549³).
380 746 542 795 Ampel.
570 750 593 786 8
622 749 725 795 517.
782 748 966 787 Cassiod.
992 761 1082 787 uar.
1109 761 1152 787 1v
1181 750 1218 789 7.
1273 749 1381 789 hen.
1407 761 1450 788 1v
1479 751 1528 788 18
1556 751 1576 798 ἓ
1601 750 1638 790 3.

180 799 318 838 Bonis.
339 811 409 849 pp.
431 801 495 840 95.
517 801 592 839 188
612 801 733 839 Jaffe.

260 894 288 932 1.
310 895 358 933 19
388 906 573 932 IVGVLVM
601 906 617 932 1
640 895 691 932 20
718 897 761 943 ἐξ
782 894 832 932 14
860 896 910 934 15
943 895 1053 933 cited
1085 908 1141 934 on
1174 896 1266 945 §20
1294 896 1321 934 1.
1346 896 1408 935 14.
1467 896 1642 945 Quintil.

180 959 261 984 vnI
282 947 304 986 6
323 950 344 996 ξ
364 949 412 985 51
434 949 631 997 allegoria
652 950 798 997 paruis
819 961 970 997 quoque
991 950 1167 997 ingyeniis
1193 955 1231 986 et
1251 951 1454 988 cotidiano
1475 951 1645 988 sermoni

173 1001 501 1050 frequentissime
529 1002 669 1038 seruit.
725 1013 819 1039 nam
837 1002 916 1038 illa
942 1001 994 1039 in
1022 1001 1232 1049 agendis
1261 1001 1428 1040 causis
1456 1001 1645 1041 detrita

185 1054 344 1101 ‘pedem
368 1052 562 1101 conferre’
591 1059 630 1090 et
659 1052 909 1101 ‘iugulum
936 1054 1132 1102 petere!
1191 1054 1245 1093 So
1263 1054 1336 1092 the
1355 1054 1453 1092 verb
1473 1066 1538 1103 ep.
1559 1067 1601 1092 1v
1619 1056 1644 1094 9

181 1107 202 1152 ἕ
223 1107 247 1143 8
274 1107 437 1143 ueniam
456 1118 546 1152 erqo
565 1109 767 1154 peterem?
822 1105 1135 1154 iugulassem
1158 1119 1280 1145 reum.
1337 1107 1420 1147 Cic.
1443 1107 1532 1146 Mil.
1554 1110 1574 1156 ξ
1594 1108 1644 1146 31

182 1159 402 1206 optabilius
441 1160 592 1196 Miloni
620 1159 710 1207 suit
751 1159 846 1196 clare
893 1161 1076 1207 iuqulum
1114 1160 1165 1197 P.
1207 1161 1541 1209 Clodio‚...quam
1577 1160 1644 1198 iu-

181 1210 345 1258 gulari
373 1223 399 1248 a
435 1212 560 1258 uobis,
595 1212 694 1260 quia
729 1223 767 1249 se
804 1223 886 1248 non
922 1211 1252 1260 iugulandum
1289 1214 1357 1250 illi
1395 1214 1641 1253 tradidisset.

185 1263 333 1302 &Rosa
359 1264 448 1311 §29
473 1276 587 1311 quem
617 1264 710 1312 ipsi,
745 1276 833 1301 cum
864 1270 1064 1312 cuperent,
1097 1277 1178 1303 non
1204 1270 1422 1313 potuerunt
1450 1267 1640 1313 occidere,

182 1328 269 1353 eum
296 1315 630 1364 iugulandum
666 1317 779 1354 uobis
814 1318 1080 1355 tradiderunt.
1154 1317 1270 1355 More
1306 1317 1351 1355 in
1388 1317 1645 1356 Miihlmann

180 1370 331 1417 iuyulo.

261 1473 382 1504 QVASI
409 1472 550 1499 TELVM
578 1473 750 1506 ALIQVOD
779 1473 1024 1500 INTENDERE
1054 1462 1138 1501 Cic.
1159 1463 1241 1501 Pis.
1262 1466 1282 1512 ξ
1303 1464 1325 1502 5
1355 1477 1423 1513 eqo
1449 1464 1553 1504 tela
1577 1477 1644 1504 ex·

183 1520 303 1552 tremo
322 1527 449 1553 mense
470 1517 697 1554 consulatus
716 1517 793 1553 mei
820 1515 1028 1554 intenta
1056 1516 1246 1564 iugulis
1275 1519 1461 1555 ciuitatis
1486 1519 1532 1555 de
1555 1530 1645 1556 con-

181 1569 405 1605 iuratorum
435 1569 607 1616 nefariis
639 1569 822 1606 nuznibus
854 1571 1019 1607 extorsi.
1075 1570 1213 1609 Amm.
1243 1581 1340 1607 xxm
1370 1571 1393 1608 6
1420 1571 1507 1618 §12
1528 1572 1645 1620 fren-

183 1622 317 1658 dentes
347 1621 496 1669 hacque
526 1633 575 1658 ex
603 1632 725 1658 causa
753 1621 924 1669 iugulo
953 1623 1039 1660 eius
1065 1620 1269 1669 intenti,
1303 1624 1419 1671 quod.
1475 1634 1572 1661 xxm
1594 1624 1644 1662 10

182 1676 200 1720 ξ
219 1674 266 1712 17
283 1685 422 1721 quem..
445 1672 699 1711 intentum
726 1672 916 1721 iugulis
938 1676 1033 1712 suis.
1075 1685 1215 1712 TELVM
1236 1674 1331 1726 (like
1350 1688 1475 1721 arma,
1487 1688 1642 1725 pasqua,

175 1727 387 1774 proelium,
409 1726 553 1776 mucro)
575 1730 674 1763 met.
697 1726 739 1763 of
758 1726 830 1763 the
850 1727 1038 1764 combats
1059 1727 1104 1765 of
1120 1726 1191 1765 the
1210 1727 1299 1766 law.
1357 1728 1534 1776 Quintil.
1555 1741 1599 1766 1x
1618 1730 1643 1766 2

181 1780 201 1825 ξ
223 1779 271 1817 75
303 1778 413 1829 (very
438 1779 704 1827 appropriate
731 1781 775 1816 to
801 1778 887 1817 this
914 1779 1044 1828 place,
1073 1791 1121 1818 as
1149 1779 1209 1819 Pl.
1242 1780 1420 1828 rejected
1446 1781 1519 1819 the
1546 1780 1644 1820 hint

181 1831 297 1868 there
329 1830 462 1878 given,
496 1836 540 1869 to
575 1832 790 1869 insinuate
822 1831 934 1869 what
967 1844 1046 1869 one
1082 1834 1236 1871 cannot
1269 1832 1407 1884 prove)
1447 1836 1646 1882 quaedam

181 1885 315 1930 etiam,
349 1895 452 1932 quae
478 1884 652 1933 probare
684 1896 765 1922 non
791 1886 933 1933 possisu
955 1885 1096 1933 fiyura
1119 1887 1258 1934 potius
1286 1888 1512 1935 sparqenda
1535 1893 1642 1926 sunt.

182 1937 319 1974 haeret
350 1937 456 1974 enim
487 1948 783 1985 nonnumquam
819 1937 975 1974 telum
1009 1939 1116 1975 illud
1143 1939 1339 1976 occultum
1369 1944 1409 1976 et
1439 1940 1511 1977 hoc
1538 1941 1638 1988 ipso,

182 1990 287 2036 quod
305 2001 383 2026 non
403 1994 582 2037 apparet,
607 1991 731 2026 eximi
750 2002 830 2027 non
851 1995 1009 2038 potest:
1041 1995 1085 2027 at
1103 1991 1140 2028 si
1162 1992 1268 2028 idem
1292 1992 1404 2029 dicas
1426 1993 1580 2040 palam,
1604 1998 1644 2031 et

180 2042 412 2089 defenditur
431 2048 468 2079 et
490 2042 742 2090 probandum
769 2048 838 2079 est.
897 2043 970 2080 Ov.
990 2042 1113 2080 Pont.
1133 2054 1178 2080 1v
1196 2042 1220 2080 6
1241 2044 1395 2082 29-38
1421 2055 1497 2092 e.g.
1519 2046 1569 2084 29
1597 2050 1644 2082 ut

179 2095 260 2143 qui,
303 2095 403 2142 quid
437 2096 591 2138 ualeas,
630 2096 799 2142 ignoret,
833 2094 992 2132 Marte
1027 2095 1233 2135 forensi.
1294 2096 1343 2134 35
1375 2095 1425 2134 36
1465 2098 1643 2136 hostibus

179 2148 350 2193 eueniat,
393 2158 513 2195 quam
544 2148 600 2184 sis
636 2148 839 2184 uiolentus
875 2149 922 2185 in
967 2147 1121 2185 armis
1147 2147 1152 2198 Ι
1174 2150 1323 2187 sentire
1359 2154 1399 2187 et
1435 2148 1642 2197 linguae

179 2199 284 2236 tela
312 2200 445 2236 subire
467 2205 570 2238 tuae.
631 2198 683 2236 cf.
705 2199 894 2237 Nizolius
916 2201 1049 2237 telum.
1108 2199 1205 2238 Tac.
1226 2200 1265 2238 d.
1287 2202 1310 2239 5
1340 2213 1416 2249 e.g.
1444 2214 1525 2240 non
1554 2204 1640 2241 her-

179 2253 265 2289 cule
286 2253 415 2289 lorica
433 2257 470 2290 et
489 2252 651 2299 yladius
679 2253 725 2289 in
749 2253 837 2289 acie
855 2253 1018 2301 firmius
1043 2254 1328 2291 munimentum
1346 2266 1466 2303 quam
1490 2267 1577 2293 reo
1604 2260 1643 2293 et

171 2305 436 2354 periclitanti
455 2305 685 2353 eloquentia
698 2305 952 2352 praesidium
970 2306 1090 2342 simul
1109 2317 1156 2343 ac
1183 2306 1351 2354 telum,
1376 2319 1453 2356 quo
1466 2319 1641 2357 propuy-

177 2368 277 2394 nare
291 2358 452 2406 pariter
469 2362 507 2394 et
527 2359 719 2394 incessere
739 2358 805 2394 uel
824 2358 870 2394 in
888 2358 1043 2395 iudicio
1067 2359 1135 2395 uel
1159 2357 1211 2395 in
1239 2362 1421 2398 senatu
1447 2360 1514 2398 uel
1532 2361 1642 2409 apud

171 2411 401 2458 principem
421 2411 565 2458 possis.
622 2409 672 2446 12
702 2410 879 2447 lucrosae
910 2411 1332 2459 huius...eloquentiae
1361 2414 1555 2452 usus...in
1586 2415 1641 2451 lo·

179 2474 266 2499 cum
293 2461 387 2500 teli
414 2466 606 2511 repertus.

255 2554 284 2591 1.
309 2555 360 2593 20
389 2555 437 2592 21
467 2566 593 2592 mom:
619 2566 783 2599 ALIQVIS
813 2555 910 2596 Sall.
944 2556 1033 2604 Iug.
1068 2557 1116 2594 31
1147 2559 1167 2605 ἓ
1196 2557 1247 2595 18
1275 2557 1408 2597 dicet
1445 2558 1637 2608 aliquis

179 2608 299 2655 ‘quid
326 2609 455 2655 iyitur
487 2620 616 2646 censes
631 2609 659 2646 ,2'
716 2608 868 2657 Coum,
894 2608 985 2647 who
1013 2609 1115 2648 cites
1144 2610 1252 2648 from
1280 2611 1398 2651 Dem.
1424 2614 1462 2650 τί
1491 2614 1570 2659 οὖν,
1592 2615 1639 2652 ἄν

175 2675 232 2699 τις
252 2663 366 2698 εἴποι.
422 2671 502 2698 EGO
521 2671 630 2699 VERo
658 2662 682 2700 8
704 2663 725 2709 ἓ
745 2662 770 2699 4
789 2673 832 2700 n.
