<?xml version="1.0" encoding="UTF-8"?>
<!DOCTYPE html PUBLIC "-//W3C//DTD XHTML 1.0 Transitional//EN"
    "http://www.w3.org/TR/xhtml1/DTD/xhtml1-transitional.dtd">
<html xmlns="http://www.w3.org/1999/xhtml" xml:lang="en" lang="en">
 <head>
  <title>
</title>
<meta http-equiv="Content-Type" content="text/html;charset=utf-8" />
  <meta name='ocr-system' content='tesseract 3.04.00' />
  <meta name='ocr-capabilities' content='ocr_page ocr_carea ocr_par ocr_line ocrx_word'/>
</head>
<body>
  <div class='ocr_page' id='page_1' title='image "./lettersbookiii00plinuoft/lettersbookiii00plinuoft_0320.png"; bbox 0 0 1775 3010; ppageno 0'>
   <div class='ocr_carea' id='block_1_1' title="bbox 770 842 1010 883">
    <p class='ocr_par' dir='ltr' id='par_1_1' title="bbox 770 842 1010 883">
     <span class='ocr_line' id='line_1_1' title="bbox 770 842 1010 883; baseline 0 -1"><span class='ocrx_word' id='word_1_1' title='bbox 770 842 1010 883; x_wconf 84' lang='lat' dir='ltr'><em>L’ENVOI</em></span> 
     </span>
    </p>
   </div>
   <div class='ocr_carea' id='block_1_2' title="bbox 159 937 1633 1873">
    <p class='ocr_par' dir='ltr' id='par_1_2' title="bbox 159 937 1633 1873">
     <span class='ocr_line' id='line_1_2' title="bbox 159 937 1623 1022; baseline 0.001 -47"><span class='ocrx_word' id='word_1_2' title='bbox 159 937 395 1022; x_wconf 77' lang='lat' dir='ltr'><strong><em>PLINII</em></strong></span> <span class='ocrx_word' id='word_1_3' title='bbox 419 937 594 976; x_wconf 79' lang='lat' dir='ltr'><strong><em>Secundi</em></strong></span> <span class='ocrx_word' id='word_1_4' title='bbox 623 937 816 986; x_wconf 77' lang='lat' dir='ltr'><em>epistulas</em></span> <span class='ocrx_word' id='word_1_5' title='bbox 845 950 920 987; x_wconf 81' lang='lat' dir='ltr'><strong><em>quo</em></strong></span> <span class='ocrx_word' id='word_1_6' title='bbox 947 939 1108 988; x_wconf 89' lang='lat' dir='ltr'><strong><em>saepius</em></strong></span> <span class='ocrx_word' id='word_1_7' title='bbox 1136 939 1233 986; x_wconf 69' lang='lat' dir='ltr'><strong><em>leqo,</em></strong></span> <span class='ocrx_word' id='word_1_8' title='bbox 1254 950 1297 976; x_wconf 89' lang='lat' dir='ltr'><strong><em>eo</em></strong></span> <span class='ocrx_word' id='word_1_9' title='bbox 1322 938 1455 986; x_wconf 61' lang='lat' dir='ltr'><strong><em>maqis‘</em></strong></span> <span class='ocrx_word' id='word_1_10' title='bbox 1475 939 1570 976; x_wconf 84' lang='lat' dir='ltr'><strong><em>illas</em></strong></span> <span class='ocrx_word' id='word_1_11' title='bbox 1595 949 1623 976; x_wconf 84' lang='lat' dir='ltr'><strong><em>a</em></strong></span> 
     </span>
     <span class='ocr_line' id='line_1_3' title="bbox 251 991 1624 1039; baseline 0 -11"><span class='ocrx_word' id='word_1_12' title='bbox 251 991 455 1039; x_wconf 84' lang='lat' dir='ltr'><strong><em>plerisque</em></strong></span> <span class='ocrx_word' id='word_1_13' title='bbox 489 996 573 1028; x_wconf 89' lang='lat' dir='ltr'><strong><em>tam</em></strong></span> <span class='ocrx_word' id='word_1_14' title='bbox 598 1002 693 1028; x_wconf 84' lang='lat' dir='ltr'><strong><em>raro</em></strong></span> <span class='ocrx_word' id='word_1_15' title='bbox 723 991 802 1038; x_wconf 64' lang='lat' dir='ltr'><strong><em>legi</em></strong></span> <span class='ocrx_word' id='word_1_16' title='bbox 829 993 978 1029; x_wconf 86' lang='lat' dir='ltr'><strong><em>miror:</em></strong></span> <span class='ocrx_word' id='word_1_17' title='bbox 1016 993 1141 1029; x_wconf 87' lang='lat' dir='ltr'><strong><em>multo</em></strong></span> <span class='ocrx_word' id='word_1_18' title='bbox 1169 993 1292 1029; x_wconf 87' lang='lat' dir='ltr'><strong><em>etiam</em></strong></span> <span class='ocrx_word' id='word_1_19' title='bbox 1317 992 1458 1039; x_wconf 66' lang='lat' dir='ltr'><strong><em>magis,</em></strong></span> <span class='ocrx_word' id='word_1_20' title='bbox 1491 1003 1518 1028; x_wconf 92' lang='lat' dir='ltr'><strong><em>a</em></strong></span> <span class='ocrx_word' id='word_1_21' title='bbox 1543 1002 1624 1029; x_wconf 85' lang='lat' dir='ltr'><strong><em>non</em></strong></span> 
     </span>
     <span class='ocr_line' id='line_1_4' title="bbox 159 1044 1622 1092; baseline 0 -11"><span class='ocrx_word' id='word_1_22' title='bbox 159 1044 286 1081; x_wconf 84' lang='lat' dir='ltr'><strong><em>nullis</em></strong></span> <span class='ocrx_word' id='word_1_23' title='bbox 305 1055 353 1081; x_wconf 83' lang='lat' dir='ltr'><strong><em>ne</em></strong></span> <span class='ocrx_word' id='word_1_24' title='bbox 375 1044 454 1091; x_wconf 78' lang='lat' dir='ltr'><strong><em>leyi</em></strong></span> <span class='ocrx_word' id='word_1_25' title='bbox 476 1044 637 1092; x_wconf 84' lang='lat' dir='ltr'><strong><em>quidem</em></strong></span> <span class='ocrx_word' id='word_1_26' title='bbox 658 1045 830 1082; x_wconf 84' lang='lat' dir='ltr'><strong><em>omnino.</em></strong></span> <span class='ocrx_word' id='word_1_27' title='bbox 867 1055 992 1092; x_wconf 81' lang='lat' dir='ltr'><strong><em>neque</em></strong></span> <span class='ocrx_word' id='word_1_28' title='bbox 1015 1056 1111 1082; x_wconf 84' lang='lat' dir='ltr'><strong><em>uero</em></strong></span> <span class='ocrx_word' id='word_1_29' title='bbox 1137 1045 1183 1081; x_wconf 85' lang='lat' dir='ltr'><strong><em>de</em></strong></span> <span class='ocrx_word' id='word_1_30' title='bbox 1208 1045 1263 1082; x_wconf 84' lang='lat' dir='ltr'><strong><em>iis</em></strong></span> <span class='ocrx_word' id='word_1_31' title='bbox 1289 1049 1446 1081; x_wconf 82' lang='lat' dir='ltr'><strong><em>tantum</em></strong></span> <span class='ocrx_word' id='word_1_32' title='bbox 1469 1044 1622 1092; x_wconf 82' lang='lat' dir='ltr'><strong><em>loquor,</em></strong></span> 
     </span>
     <span class='ocr_line' id='line_1_5' title="bbox 162 1097 1624 1145; baseline -0.001 -11"><span class='ocrx_word' id='word_1_33' title='bbox 162 1097 234 1145; x_wconf 83' lang='lat' dir='ltr'><strong><em>qui</em></strong></span> <span class='ocrx_word' id='word_1_34' title='bbox 265 1097 410 1134; x_wconf 86' lang='lat' dir='ltr'><strong><em>multos</em></strong></span> <span class='ocrx_word' id='word_1_35' title='bbox 439 1097 651 1144; x_wconf 76' lang='lat' dir='ltr'><strong><em>scriptores</em></strong></span> <span class='ocrx_word' id='word_1_36' title='bbox 680 1108 758 1133; x_wconf 82' lang='lat' dir='ltr'><strong><em>non</em></strong></span> <span class='ocrx_word' id='word_1_37' title='bbox 788 1101 1058 1144; x_wconf 83' lang='lat' dir='ltr'><strong><em>aspernantur</em></strong></span> <span class='ocrx_word' id='word_1_38' title='bbox 1087 1098 1228 1140; x_wconf 87' lang='lat' dir='ltr'><strong><em>solum,</em></strong></span> <span class='ocrx_word' id='word_1_39' title='bbox 1258 1097 1328 1134; x_wconf 85' lang='lat' dir='ltr'><strong><em>sed</em></strong></span> <span class='ocrx_word' id='word_1_40' title='bbox 1356 1097 1480 1134; x_wconf 82' lang='lat' dir='ltr'><strong><em>etiam</em></strong></span> <span class='ocrx_word' id='word_1_41' title='bbox 1508 1107 1624 1134; x_wconf 85' lang='lat' dir='ltr'><strong><em>auer-</em></strong></span> 
     </span>
     <span class='ocr_line' id='line_1_6' title="bbox 161 1149 1624 1197; baseline 0 -11"><span class='ocrx_word' id='word_1_42' title='bbox 161 1154 319 1194; x_wconf 84' lang='lat' dir='ltr'><strong><em>santur,</em></strong></span> <span class='ocrx_word' id='word_1_43' title='bbox 341 1154 460 1197; x_wconf 84' lang='lat' dir='ltr'><strong><em>atque</em></strong></span> <span class='ocrx_word' id='word_1_44' title='bbox 486 1149 584 1186; x_wconf 83' lang='lat' dir='ltr'><strong><em>adeo</em></strong></span> <span class='ocrx_word' id='word_1_45' title='bbox 612 1149 778 1186; x_wconf 75' lang='lat' dir='ltr'><strong><em>lectione</em></strong></span> <span class='ocrx_word' id='word_1_46' title='bbox 803 1150 967 1186; x_wconf 85' lang='lat' dir='ltr'><strong><em>illorum</em></strong></span> <span class='ocrx_word' id='word_1_47' title='bbox 990 1150 1069 1186; x_wconf 83' lang='lat' dir='ltr'><strong><em>sibi</em></strong></span> <span class='ocrx_word' id='word_1_48' title='bbox 1095 1150 1356 1193; x_wconf 84' lang='lat' dir='ltr'><strong><em>interdicunt,</em></strong></span> <span class='ocrx_word' id='word_1_49' title='bbox 1377 1161 1454 1186; x_wconf 83' lang='lat' dir='ltr'><strong><em>non</em></strong></span> <span class='ocrx_word' id='word_1_50' title='bbox 1472 1149 1560 1186; x_wconf 86' lang='lat' dir='ltr'><strong><em>alia</em></strong></span> <span class='ocrx_word' id='word_1_51' title='bbox 1578 1149 1624 1186; x_wconf 83' lang='lat' dir='ltr'><strong><em>de</em></strong></span> 
     </span>
     <span class='ocr_line' id='line_1_7' title="bbox 163 1201 1627 1250; baseline 0 -12"><span class='ocrx_word' id='word_1_52' title='bbox 163 1213 299 1248; x_wconf 86' lang='lat' dir='ltr'><strong><em>causa,</em></strong></span> <span class='ocrx_word' id='word_1_53' title='bbox 317 1213 435 1250; x_wconf 82' lang='lat' dir='ltr'><strong><em>quam</em></strong></span> <span class='ocrx_word' id='word_1_54' title='bbox 454 1202 561 1250; x_wconf 80' lang='lat' dir='ltr'><strong><em>quod</em></strong></span> <span class='ocrx_word' id='word_1_55' title='bbox 578 1206 778 1248; x_wconf 84' lang='lat' dir='ltr'><strong><em>uerentur,</em></strong></span> <span class='ocrx_word' id='word_1_56' title='bbox 798 1213 846 1239; x_wconf 86' lang='lat' dir='ltr'><strong><em>ne</em></strong></span> <span class='ocrx_word' id='word_1_57' title='bbox 865 1213 979 1238; x_wconf 90' lang='lat' dir='ltr'><strong><em>suum</em></strong></span> <span class='ocrx_word' id='word_1_58' title='bbox 1001 1202 1308 1239; x_wconf 88' lang='lat' dir='ltr'><strong><em>Ciceronianum</em></strong></span> <span class='ocrx_word' id='word_1_59' title='bbox 1326 1202 1465 1239; x_wconf 87' lang='lat' dir='ltr'><strong><em>stilum</em></strong></span> <span class='ocrx_word' id='word_1_60' title='bbox 1482 1201 1627 1249; x_wconf 82' lang='lat' dir='ltr'><strong><em>aliqua</em></strong></span> 
     </span>
     <span class='ocr_line' id='line_1_8' title="bbox 162 1254 1626 1303; baseline -0.001 -11"><span class='ocrx_word' id='word_1_61' title='bbox 162 1257 353 1292; x_wconf 86' lang='lat' dir='ltr'><strong><em>sermonis</em></strong></span> <span class='ocrx_word' id='word_1_62' title='bbox 379 1265 459 1291; x_wconf 82' lang='lat' dir='ltr'><strong><em>non</em></strong></span> <span class='ocrx_word' id='word_1_63' title='bbox 480 1255 582 1291; x_wconf 83' lang='lat' dir='ltr'><strong><em>satis</em></strong></span> <span class='ocrx_word' id='word_1_64' title='bbox 605 1254 864 1291; x_wconf 84' lang='lat' dir='ltr'><strong><em>Ciceroniani</em></strong></span> <span class='ocrx_word' id='word_1_65' title='bbox 884 1255 1117 1302; x_wconf 72' lang='lat' dir='ltr'><strong><em>contayione</em></strong></span> <span class='ocrx_word' id='word_1_66' title='bbox 1135 1255 1345 1303; x_wconf 85' lang='lat' dir='ltr'><strong><em>inficiant.-</em></strong></span> <span class='ocrx_word' id='word_1_67' title='bbox 1373 1255 1442 1291; x_wconf 88' lang='lat' dir='ltr'><strong><em>sed</em></strong></span> <span class='ocrx_word' id='word_1_68' title='bbox 1461 1254 1508 1290; x_wconf 84' lang='lat' dir='ltr'><strong><em>de</em></strong></span> <span class='ocrx_word' id='word_1_69' title='bbox 1527 1254 1626 1291; x_wconf 73' lang='lat' dir='ltr'><strong><em>aliis</em></strong></span> 
     </span>
     <span class='ocr_line' id='line_1_9' title="bbox 164 1306 1627 1355; baseline 0 -12"><span class='ocrx_word' id='word_1_70' title='bbox 164 1308 288 1344; x_wconf 88' lang='lat' dir='ltr'><strong><em>etiam</em></strong></span> <span class='ocrx_word' id='word_1_71' title='bbox 318 1319 400 1344; x_wconf 87' lang='lat' dir='ltr'><strong><em>non</em></strong></span> <span class='ocrx_word' id='word_1_72' title='bbox 431 1307 573 1351; x_wconf 84' lang='lat' dir='ltr'><strong><em>nullis,</em></strong></span> <span class='ocrx_word' id='word_1_73' title='bbox 604 1307 690 1355; x_wconf 81' lang='lat' dir='ltr'><strong><em>qui,</em></strong></span> <span class='ocrx_word' id='word_1_74' title='bbox 721 1308 906 1355; x_wconf 83' lang='lat' dir='ltr'><strong><em>quamuis</em></strong></span> <span class='ocrx_word' id='word_1_75' title='bbox 938 1307 1012 1344; x_wconf 87' lang='lat' dir='ltr'><strong><em>illo</em></strong></span> <span class='ocrx_word' id='word_1_76' title='bbox 1043 1307 1345 1355; x_wconf 77' lang='lat' dir='ltr'><strong><em>superstitiosae</em></strong></span> <span class='ocrx_word' id='word_1_77' title='bbox 1377 1306 1627 1344; x_wconf 74' lang='lat' dir='ltr'><strong><em>Latinitatis</em></strong></span> 
     </span>
     <span class='ocr_line' id='line_1_10' title="bbox 163 1358 1627 1408; baseline -0.001 -11"><span class='ocrx_word' id='word_1_78' title='bbox 163 1359 295 1397; x_wconf 88' lang='lat' dir='ltr'><strong><em>morbo</em></strong></span> <span class='ocrx_word' id='word_1_79' title='bbox 319 1371 400 1397; x_wconf 82' lang='lat' dir='ltr'><strong><em>non</em></strong></span> <span class='ocrx_word' id='word_1_80' title='bbox 427 1360 620 1403; x_wconf 86' lang='lat' dir='ltr'><strong><em>laborent,</em></strong></span> <span class='ocrx_word' id='word_1_81' title='bbox 642 1360 833 1408; x_wconf 80' lang='lat' dir='ltr'><strong><em>quosdam</em></strong></span> <span class='ocrx_word' id='word_1_82' title='bbox 859 1364 989 1396; x_wconf 87' lang='lat' dir='ltr'><strong><em>tamen</em></strong></span> <span class='ocrx_word' id='word_1_83' title='bbox 1007 1371 1026 1397; x_wconf 91' lang='lat' dir='ltr'><strong><em>e</em></strong></span> <span class='ocrx_word' id='word_1_84' title='bbox 1045 1360 1306 1407; x_wconf 82' lang='lat' dir='ltr'><strong><em>scriptoribus</em></strong></span> <span class='ocrx_word' id='word_1_85' title='bbox 1329 1359 1488 1396; x_wconf 72' lang='lat' dir='ltr'><strong><em>saecuto</em></strong></span> <span class='ocrx_word' id='word_1_86' title='bbox 1517 1358 1627 1396; x_wconf 84' lang='lat' dir='ltr'><strong><em>Cice·</em></strong></span> 
     </span>
     <span class='ocr_line' id='line_1_11' title="bbox 164 1411 1629 1461; baseline -0.001 -11"><span class='ocrx_word' id='word_1_87' title='bbox 164 1413 276 1450; x_wconf 85' lang='lat' dir='ltr'><strong><em>ronis</em></strong></span> <span class='ocrx_word' id='word_1_88' title='bbox 290 1412 580 1461; x_wconf 84' lang='lat' dir='ltr'><strong><em>posterioribus</em></strong></span> <span class='ocrx_word' id='word_1_89' title='bbox 601 1412 769 1450; x_wconf 87' lang='lat' dir='ltr'><strong><em>lectione</em></strong></span> <span class='ocrx_word' id='word_1_90' title='bbox 787 1423 862 1449; x_wconf 88' lang='lat' dir='ltr'><strong><em>sua</em></strong></span> <span class='ocrx_word' id='word_1_91' title='bbox 879 1423 958 1449; x_wconf 85' lang='lat' dir='ltr'><strong><em>non</em></strong></span> <span class='ocrx_word' id='word_1_92' title='bbox 977 1411 1213 1459; x_wconf 77' lang='lat' dir='ltr'><strong><em>diynantur.</em></strong></span> <span class='ocrx_word' id='word_1_93' title='bbox 1251 1412 1354 1460; x_wconf 83' lang='lat' dir='ltr'><strong><em>quid</em></strong></span> <span class='ocrx_word' id='word_1_94' title='bbox 1372 1423 1462 1459; x_wconf 85' lang='lat' dir='ltr'><strong><em>er90</em></strong></span> <span class='ocrx_word' id='word_1_95' title='bbox 1483 1411 1629 1448; x_wconf 85' lang='lat' dir='ltr'><strong><em>habent</em></strong></span> 
     </span>
     <span class='ocr_line' id='line_1_12' title="bbox 165 1464 1629 1514; baseline -0.001 -12"><span class='ocrx_word' id='word_1_96' title='bbox 165 1467 269 1503; x_wconf 84' lang='lat' dir='ltr'><strong><em>istae</em></strong></span> <span class='ocrx_word' id='word_1_97' title='bbox 302 1465 513 1514; x_wconf 81' lang='lat' dir='ltr'><strong><em>epistulae,</em></strong></span> <span class='ocrx_word' id='word_1_98' title='bbox 537 1470 704 1513; x_wconf 87' lang='lat' dir='ltr'><strong><em>propter</em></strong></span> <span class='ocrx_word' id='word_1_99' title='bbox 735 1465 843 1513; x_wconf 81' lang='lat' dir='ltr'><strong><em>quod</em></strong></span> <span class='ocrx_word' id='word_1_100' title='bbox 876 1470 958 1502; x_wconf 88' lang='lat' dir='ltr'><strong><em>tam</em></strong></span> <span class='ocrx_word' id='word_1_101' title='bbox 989 1465 1136 1512; x_wconf 86' lang='lat' dir='ltr'><strong><em>di9nae</em></strong></span> <span class='ocrx_word' id='word_1_102' title='bbox 1167 1465 1252 1502; x_wconf 85' lang='lat' dir='ltr'><strong><em>sint</em></strong></span> <span class='ocrx_word' id='word_1_103' title='bbox 1283 1475 1385 1513; x_wconf 79' lang='lat' dir='ltr'><strong><em>quae</em></strong></span> <span class='ocrx_word' id='word_1_104' title='bbox 1417 1464 1629 1512; x_wconf 69' lang='lat' dir='ltr'><strong><em>leyanturt</em></strong></span> 
     </span>
     <span class='ocr_line' id='line_1_13' title="bbox 165 1516 1631 1566; baseline -0.001 -11"><span class='ocrx_word' id='word_1_105' title='bbox 165 1519 342 1566; x_wconf 76' lang='lat' dir='ltr'><strong><em>excipiet</em></strong></span> <span class='ocrx_word' id='word_1_106' title='bbox 361 1518 536 1566; x_wconf 85' lang='lat' dir='ltr'><strong><em>sortasse</em></strong></span> <span class='ocrx_word' id='word_1_107' title='bbox 561 1518 629 1554; x_wconf 89' lang='lat' dir='ltr'><strong><em>uel</em></strong></span> <span class='ocrx_word' id='word_1_108' title='bbox 654 1517 791 1554; x_wconf 81' lang='lat' dir='ltr'><strong><em>horum</em></strong></span> <span class='ocrx_word' id='word_1_109' title='bbox 815 1517 882 1555; x_wconf 88' lang='lat' dir='ltr'><strong><em>uel</em></strong></span> <span class='ocrx_word' id='word_1_110' title='bbox 905 1518 1069 1554; x_wconf 82' lang='lat' dir='ltr'><strong><em>illorum</em></strong></span> <span class='ocrx_word' id='word_1_111' title='bbox 1092 1517 1256 1566; x_wconf 81' lang='lat' dir='ltr'><strong><em>aliquis.</em></strong></span> <span class='ocrx_word' id='word_1_112' title='bbox 1313 1527 1383 1564; x_wconf 68' lang='lat' dir='ltr'><strong><em>eqo</em></strong></span> <span class='ocrx_word' id='word_1_113' title='bbox 1409 1527 1506 1554; x_wconf 83' lang='lat' dir='ltr'><strong><em>uero</em></strong></span> <span class='ocrx_word' id='word_1_114' title='bbox 1532 1516 1631 1554; x_wconf 79' lang='lat' dir='ltr'><strong><em>illas</em></strong></span> 
     </span>
     <span class='ocr_line' id='line_1_14' title="bbox 166 1568 1631 1619; baseline -0.001 -12"><span class='ocrx_word' id='word_1_115' title='bbox 166 1570 329 1618; x_wconf 84' lang='lat' dir='ltr'><strong><em>aliquid</em></strong></span> <span class='ocrx_word' id='word_1_116' title='bbox 350 1571 492 1607; x_wconf 85' lang='lat' dir='ltr'><strong><em>habere</em></strong></span> <span class='ocrx_word' id='word_1_117' title='bbox 511 1575 680 1619; x_wconf 85' lang='lat' dir='ltr'><strong><em>propter</em></strong></span> <span class='ocrx_word' id='word_1_118' title='bbox 704 1570 808 1617; x_wconf 81' lang='lat' dir='ltr'><strong><em>quod</em></strong></span> <span class='ocrx_word' id='word_1_119' title='bbox 831 1570 910 1615; x_wconf 70' lang='lat' dir='ltr'><strong><em>leai</em></strong></span> <span class='ocrx_word' id='word_1_120' title='bbox 933 1575 1172 1613; x_wconf 86' lang='lat' dir='ltr'><strong><em>mereantur,</em></strong></span> <span class='ocrx_word' id='word_1_121' title='bbox 1191 1581 1273 1607; x_wconf 89' lang='lat' dir='ltr'><strong><em>non</em></strong></span> <span class='ocrx_word' id='word_1_122' title='bbox 1289 1569 1542 1618; x_wconf 79' lang='lat' dir='ltr'><strong><em>respondebo,</em></strong></span> <span class='ocrx_word' id='word_1_123' title='bbox 1561 1568 1631 1606; x_wconf 79' lang='lat' dir='ltr'><strong><em>sed</em></strong></span> 
     </span>
     <span class='ocr_line' id='line_1_15' title="bbox 169 1622 1630 1671; baseline -0.001 -11"><span class='ocrx_word' id='word_1_124' title='bbox 169 1624 311 1661; x_wconf 84' lang='lat' dir='ltr'><strong><em>habere</em></strong></span> <span class='ocrx_word' id='word_1_125' title='bbox 328 1625 477 1667; x_wconf 83' lang='lat' dir='ltr'><strong><em>omnia,</em></strong></span> <span class='ocrx_word' id='word_1_126' title='bbox 493 1634 593 1671; x_wconf 83' lang='lat' dir='ltr'><strong><em>quae</em></strong></span> <span class='ocrx_word' id='word_1_127' title='bbox 614 1634 682 1660; x_wconf 84' lang='lat' dir='ltr'><strong><em>nos</em></strong></span> <span class='ocrx_word' id='word_1_128' title='bbox 702 1623 757 1660; x_wconf 90' lang='lat' dir='ltr'><strong><em>ad</em></strong></span> <span class='ocrx_word' id='word_1_129' title='bbox 775 1623 1039 1671; x_wconf 81' lang='lat' dir='ltr'><strong><em>epistularum</em></strong></span> <span class='ocrx_word' id='word_1_130' title='bbox 1057 1627 1129 1659; x_wconf 83' lang='lat' dir='ltr'><strong><em>aut</em></strong></span> <span class='ocrx_word' id='word_1_131' title='bbox 1147 1622 1394 1659; x_wconf 79' lang='lat' dir='ltr'><strong><em>Latinarum</em></strong></span> <span class='ocrx_word' id='word_1_132' title='bbox 1411 1627 1486 1659; x_wconf 86' lang='lat' dir='ltr'><strong><em>aut</em></strong></span> <span class='ocrx_word' id='word_1_133' title='bbox 1506 1622 1630 1659; x_wconf 79' lang='lat' dir='ltr'><strong><em>Grae·</em></strong></span> 
     </span>
     <span class='ocr_line' id='line_1_16' title="bbox 168 1674 1630 1724; baseline -0.001 -12"><span class='ocrx_word' id='word_1_134' title='bbox 168 1687 304 1713; x_wconf 88' lang='lat' dir='ltr'><strong><em>carum</em></strong></span> <span class='ocrx_word' id='word_1_135' title='bbox 331 1676 539 1713; x_wconf 83' lang='lat' dir='ltr'><strong><em>lectionem</em></strong></span> <span class='ocrx_word' id='word_1_136' title='bbox 563 1676 742 1713; x_wconf 84' lang='lat' dir='ltr'><strong><em>inuitare</em></strong></span> <span class='ocrx_word' id='word_1_137' title='bbox 767 1680 806 1713; x_wconf 85' lang='lat' dir='ltr'><strong><em>et</em></strong></span> <span class='ocrx_word' id='word_1_138' title='bbox 825 1676 982 1724; x_wconf 87' lang='lat' dir='ltr'><strong><em>possint</em></strong></span> <span class='ocrx_word' id='word_1_139' title='bbox 1002 1680 1041 1712; x_wconf 84' lang='lat' dir='ltr'><strong><em>et</em></strong></span> <span class='ocrx_word' id='word_1_140' title='bbox 1060 1675 1240 1712; x_wconf 88' lang='lat' dir='ltr'><strong><em>debeant.</em></strong></span> <span class='ocrx_word' id='word_1_141' title='bbox 1295 1686 1390 1711; x_wconf 90' lang='lat' dir='ltr'><strong><em>nam</em></strong></span> <span class='ocrx_word' id='word_1_142' title='bbox 1407 1675 1496 1712; x_wconf 82' lang='lat' dir='ltr'><strong><em>siue</em></strong></span> <span class='ocrx_word' id='word_1_143' title='bbox 1513 1674 1630 1711; x_wconf 84' lang='lat' dir='ltr'><strong><em>utili·</em></strong></span> 
     </span>
     <span class='ocr_line' id='line_1_17' title="bbox 170 1726 1632 1775; baseline -0.001 -10"><span class='ocrx_word' id='word_1_144' title='bbox 170 1733 292 1766; x_wconf 87' lang='lat' dir='ltr'><strong><em>tatem</em></strong></span> <span class='ocrx_word' id='word_1_145' title='bbox 316 1730 402 1766; x_wconf 86' lang='lat' dir='ltr'><strong><em>siue</em></strong></span> <span class='ocrx_word' id='word_1_146' title='bbox 429 1729 733 1766; x_wconf 82' lang='lat' dir='ltr'><strong><em>delectationem</em></strong></span> <span class='ocrx_word' id='word_1_147' title='bbox 757 1729 844 1765; x_wconf 89' lang='lat' dir='ltr'><strong><em>siue</em></strong></span> <span class='ocrx_word' id='word_1_148' title='bbox 870 1733 1080 1775; x_wconf 85' lang='lat' dir='ltr'><strong><em>utrumque</em></strong></span> <span class='ocrx_word' id='word_1_149' title='bbox 1104 1728 1151 1764; x_wconf 82' lang='lat' dir='ltr'><strong><em>in</em></strong></span> <span class='ocrx_word' id='word_1_150' title='bbox 1173 1728 1343 1764; x_wconf 85' lang='lat' dir='ltr'><strong><em>istarum</em></strong></span> <span class='ocrx_word' id='word_1_151' title='bbox 1367 1727 1534 1765; x_wconf 82' lang='lat' dir='ltr'><strong><em>lectione</em></strong></span> <span class='ocrx_word' id='word_1_152' title='bbox 1551 1726 1632 1764; x_wconf 84' lang='lat' dir='ltr'><strong><em>sibi</em></strong></span> 
     </span>
     <span class='ocr_line' id='line_1_18' title="bbox 169 1779 1633 1830; baseline -0.001 -13"><span class='ocrx_word' id='word_1_153' title='bbox 169 1783 260 1830; x_wconf 80' lang='lat' dir='ltr'><strong><em>quis</em></strong></span> <span class='ocrx_word' id='word_1_154' title='bbox 274 1786 487 1830; x_wconf 87' lang='lat' dir='ltr'><strong><em>proponat,</em></strong></span> <span class='ocrx_word' id='word_1_155' title='bbox 501 1792 600 1829; x_wconf 90' lang='lat' dir='ltr'><strong><em>eum,</em></strong></span> <span class='ocrx_word' id='word_1_156' title='bbox 620 1781 725 1830; x_wconf 79' lang='lat' dir='ltr'><strong><em>quod</em></strong></span> <span class='ocrx_word' id='word_1_157' title='bbox 743 1781 900 1819; x_wconf 82' lang='lat' dir='ltr'><strong><em>abunde</em></strong></span> <span class='ocrx_word' id='word_1_158' title='bbox 920 1780 1120 1818; x_wconf 82' lang='lat' dir='ltr'><strong><em>desiderio</em></strong></span> <span class='ocrx_word' id='word_1_159' title='bbox 1138 1791 1208 1818; x_wconf 90' lang='lat' dir='ltr'><strong><em>suo</em></strong></span> <span class='ocrx_word' id='word_1_160' title='bbox 1227 1779 1477 1829; x_wconf 79' lang='lat' dir='ltr'><strong><em>satisfaciat,</em></strong></span> <span class='ocrx_word' id='word_1_161' title='bbox 1490 1779 1633 1817; x_wconf 79' lang='lat' dir='ltr'><strong><em>inuen-</em></strong></span> 
     </span>
     <span class='ocr_line' id='line_1_19' title="bbox 171 1834 1547 1873; baseline 0 -2"><span class='ocrx_word' id='word_1_162' title='bbox 171 1839 302 1872; x_wconf 82' lang='lat' dir='ltr'><strong><em>turum</em></strong></span> <span class='ocrx_word' id='word_1_163' title='bbox 321 1845 401 1872; x_wconf 87' lang='lat' dir='ltr'><strong><em>esse</em></strong></span> <span class='ocrx_word' id='word_1_164' title='bbox 424 1834 526 1873; x_wconf 81' lang='lat' dir='ltr'><strong><em>dico.</em></strong></span> <span class='ocrx_word' id='word_1_165' title='bbox 1542 1838 1547 1839; x_wconf 66' lang='grc'><em>’</em></span> 
     </span>
    </p>
   </div>
   <div class='ocr_carea' id='block_1_3' title="bbox 836 1884 1528 1924">
    <p class='ocr_par' dir='ltr' id='par_1_3' title="bbox 836 1884 1528 1924">
     <span class='ocr_line' id='line_1_20' title="bbox 836 1884 1528 1924; baseline -0.003 0"><span class='ocrx_word' id='word_1_166' title='bbox 836 1885 1137 1924; x_wconf 76' lang='lat' dir='ltr'><strong><em>HENRICVS</em></strong></span> <span class='ocrx_word' id='word_1_167' title='bbox 1173 1884 1528 1924; x_wconf 76' lang='lat' dir='ltr'><strong><em>STEPHANVS.</em></strong></span> 
     </span>
    </p>
   </div>
  </div>
 </body>
</html>
