1775 3010
150 223 227 261 212
522 217 842 258 'EXAMINEM
878 218 965 257 AN.
1019 215 1229 256 EDITIO.
1478 215 1607 266 [XV]

151 325 218 352 me
235 316 416 352 warrant
435 325 460 351 a
487 310 920 362 judgement-unless
940 309 1090 348 indeed
1107 321 1210 359 your
1230 307 1408 357 delivery
1427 307 1527 346 took
1543 319 1610 346 me

153 367 292 415 in,—I
312 378 386 415 say
404 365 584 413 publish.
640 364 662 401 Ι
686 365 842 401 cannot
861 362 983 400 think
1002 362 1096 400 that
1115 362 1187 400 the
1212 361 1323 409 sting
1347 362 1392 399 of
1415 359 1610 398 criticism

154 418 189 457 is
206 419 361 458 broken
382 419 498 456 short
516 417 561 455 in
579 428 646 454 me
663 416 718 464 by
737 427 820 464 any
840 414 1013 463 tickling
1040 415 1083 453 of
1109 414 1182 452 the
1209 425 1319 460 ears;
1348 415 1369 461 ς
1387 413 1414 450 4
1440 411 1612 451 blunted

155 471 187 510 it
215 483 314 521 may
343 470 393 509 be
422 470 505 508 and
535 468 761 507 somewhat
793 468 905 512 bent,
935 466 1011 506 but
1033 469 1108 504 not
1132 466 1307 515 plucked
1338 466 1456 504 clean
1481 477 1609 514 away.

153 526 174 571 ξ
194 525 218 562 5
247 524 302 563 So
321 524 342 561 I
361 535 460 571 may
478 522 608 570 safely
627 521 716 569 give
745 532 770 558 a
797 519 961 568 general
985 519 1140 558 verdict
1166 519 1264 558 here
1287 518 1373 558 and
1399 529 1492 556 now
1500 532 1512 566 ;
1546 517 1611 556 de-

153 576 251 614 tails
269 577 290 614 I
308 575 392 614 will
410 579 491 613 test
510 586 556 612 as
576 574 597 611 Ι
616 572 714 611 read
732 572 860 612 them.
920 572 981 610 Cf.
1003 583 1037 609 11
1059 573 1119 611 10.
1158 584 1201 608 1v
1230 573 1292 610 18.
1316 572 1380 610 20.
1404 572 1467 610 27.
1508 581 1535 607 v
1564 569 1614 607 10

157 628 250 681 (11).
283 630 333 667 15
354 627 449 679 (10).
475 628 537 666 17.
580 637 624 663 Π
658 627 722 663 15.
745 626 806 665 17.
830 625 894 664 21.
937 636 999 662 vn
1032 626 1082 663 20
1109 624 1193 662 and
1218 625 1267 662 33
1297 623 1382 662 and
1399 634 1479 661 V111
1499 624 1523 664 7
1556 621 1614 673 (to

155 681 351 733 Tacitus).
383 692 463 718 vm
481 680 519 720 4.
560 691 604 716 1x
626 680 660 718 1.
684 680 721 717 8.
746 679 809 718 22.
833 679 896 717 27.
920 678 983 718 31.
1007 678 1070 716 33.
1095 679 1157 716 38.

232 763 270 799 Ρ.
301 764 348 799 26
375 759 403 797 1.
433 759 483 797 24
538 769 645 796 snao
673 768 855 795 PRocho
888 756 986 805 only
1004 755 1115 795 here.

232 841 294 886 §1
321 837 349 877 1.
372 837 422 875 25
452 848 498 874 IN
517 847 690 875 sncnssv
709 837 731 873 5
755 837 774 882 ξ
798 836 847 872 14
867 847 908 873 n.

233 901 455 928 ΕΧΑΜΙΝΕΜ
482 900 534 926 AN
555 890 605 925 14
631 891 651 937 ς
679 889 702 925 2
733 899 774 927 n.
814 899 849 925 11
879 888 927 926 19
957 889 978 935 ἓ
1011 887 1034 926 9
1061 887 1131 925 scd
1151 888 1275 936 plane
1308 887 1440 925 adhuc
1470 898 1531 925 an
1560 888 1615 925 sit

156 944 406 983 recitandum
433 941 665 980 examina
686 947 825 979 tecum.

234 1033 275 1067 P.
305 1034 352 1068 27
383 1028 410 1067 1.
447 1028 468 1065 1
508 1038 885 1066 EDIT1oxE...D1ox1
931 1038 947 1064 1
976 1027 999 1063 2
1028 1028 1091 1075 §5
1129 1038 1205 1076 quo
1240 1029 1368 1076 magis
1406 1028 1615 1065 intendam

158 1083 294 1120 limam
325 1087 446 1129 tuam,
481 1082 694 1130 confitebor
727 1086 764 1118 et
792 1083 923 1129 ipsum
946 1092 1005 1117 me
1038 1085 1077 1118 et
1106 1081 1403 1118 contubernales
1435 1081 1485 1118 ab
1518 1079 1614 1117 edi-

159 1134 296 1173 tione
325 1147 404 1173 non
433 1135 657 1180 abhorrere,
689 1135 725 1171 si
754 1134 865 1170 modo
895 1137 938 1170 tu
963 1133 1137 1181 fortasse
1165 1133 1292 1170 errori
1319 1137 1452 1170 nostro
1480 1133 1617 1170 album

156 1189 356 1225 calculum
375 1188 582 1226 adieceris.
642 1187 666 1224 8
687 1188 705 1233 ξ
725 1186 750 1223 4
778 1187 875 1234 quin
892 1187 1010 1223 immo
1029 1186 1206 1234 sortasse
1231 1185 1333 1223 hanc
1351 1187 1481 1233 ipsam
1499 1197 1614 1222 cunc·

158 1242 351 1278 tationem
378 1245 553 1277 nostram
580 1240 626 1276 in
653 1240 891 1276 alterutram
916 1240 1153 1276 sententiam
1181 1238 1468 1276 emendationis
1505 1239 1614 1276 ratio

157 1293 335 1340 deducet,
359 1305 459 1341 quae
480 1298 551 1329 aut
571 1290 832 1339 indignum
857 1289 1091 1337 editione,
1117 1291 1209 1328 dum
1226 1292 1386 1338 saepius
1407 1295 1614 1335 retractat,

157 1351 231 1383 aut
259 1345 470 1394 dignum,
503 1346 595 1381 dum
624 1345 668 1381 id
696 1346 824 1393 ipsum
852 1345 1068 1392 experitur,
1093 1344 1245 1391 efficiet.
1302 1344 1391 1390 §17
1419 1341 1542 1390 (cited
1560 1354 1616 1381 on

157 1399 181 1436 8
200 1400 221 1445 ἓ
240 1399 292 1444 2).
353 1409 388 1435 11
408 1398 458 1434 10
477 1400 496 1445 ξ
517 1397 539 1435 6
569 1398 672 1435 etde
705 1395 932 1434 editione
958 1397 1117 1444 quidem
1142 1397 1304 1433 interim
1328 1402 1374 1433 nt
1392 1397 1500 1434 uoles
1515 1411 1527 1434 :
1554 1407 1614 1434 rc-

158 1452 241 1488 cita
259 1452 412 1498 saltem,
437 1462 512 1499 quo
532 1451 658 1498 magyis
679 1449 803 1486 libeat
829 1448 1062 1486 emittere
1085 1448 1150 1495 (ef.
1172 1460 1224 1485 111
1245 1449 1293 1485 10
1313 1450 1333 1495 g
1352 1449 1377 1484 4
1396 1447 1474 1499 n.),
1494 1453 1615 1497 utque

160 1505 319 1541 tandem
350 1505 555 1552 percipias
587 1503 795 1550 yauclium,
827 1502 932 1550 quod
963 1514 1031 1550 eqo
1062 1503 1157 1539 olim
1187 1513 1263 1550 pro
1297 1508 1332 1538 te
1362 1513 1442 1539 non
1475 1507 1615 1539 temere

151 1568 374 1605 praesumo.
431 1567 473 1592 IX
495 1557 515 1592 1
536 1558 556 1603 ἓ
577 1556 599 1591 3
623 1556 740 1592 salua
759 1556 814 1591 sit
835 1555 910 1591 tibi
930 1555 1190 1592 conscientiae
1203 1555 1334 1602 sama.
1372 1555 1449 1591 erit
1468 1559 1614 1598 autem,

156 1610 193 1646 si
212 1615 347 1646 notum
366 1610 504 1656 aequis
527 1609 757 1656 iniquisque
776 1608 910 1656 suerit
935 1619 1015 1644 non
1034 1612 1125 1655 post
1152 1608 1310 1644 inimici
1336 1612 1497 1644 mortem
1518 1607 1615 1644 scri-

159 1662 277 1699 bendi
302 1662 378 1698 tibi
408 1667 546 1698 natam
571 1673 651 1698 esse
672 1662 885 1709 fiduciam,
920 1660 989 1697 sed
1017 1661 1099 1696 iam
1123 1664 1314 1708 paratam
1342 1657 1614 1696 editionem

156 1719 278 1752 morte
292 1719 569 1762 praeventam.
625 1712 676 1751 ef.
701 1713 812 1750 edere
836 1714 867 1759 (1
887 1712 938 1749 20
956 1714 976 1760 ξ
998 1713 1051 1760 7),
1078 1712 1172 1749 dare
1191 1713 1237 1749 in
1255 1723 1395 1749 manus
1416 1713 1615 1749 hominum

159 1765 251 1815 (VIII
272 1767 320 1806 19
340 1768 360 1814 ξ
380 1767 435 1815 2),
464 1767 509 1803 in
530 1766 738 1814 publicum
765 1766 859 1802 clare
890 1768 982 1813 (vn1
1002 1766 1026 1802 3
1045 1766 1065 1812 ἓ
1085 1765 1138 1811 2),
1163 1765 1373 1813 publicare
1403 1766 1436 1809 <1
1456 1765 1478 1801 1
1506 1765 1527 1811 g
1548 1764 1610 1803 21.

158 1821 182 1857 5
201 1821 222 1866 ἓ
243 1819 278 1858 2.
323 1830 367 1856 1v
397 1819 445 1857 27
467 1821 486 1866 ἓ
506 1819 542 1857 5.
576 1819 598 1855 5
621 1818 773 1854 12:13
794 1820 814 1865 ξ
835 1818 870 1854 1.
929 1817 1041 1854 Suet.
1063 1817 1175 1855 Caes.
1199 1817 1261 1855 56.
1313 1816 1370 1854 Cl.
1397 1817 1452 1866 3).
1514 1816 1610 1855 Sen.

159 1870 331 1920 Quintil.
355 1871 400 1908 in
432 1871 536 1908 lexx.
591 1870 700 1908 Tert.
721 1870 829 1918 apol.
852 1869 900 1907 16
920 1870 946 1909 f.
971 1871 1039 1907 sed
1067 1881 1175 1906 noua
1205 1870 1288 1906 iam
1318 1870 1383 1906 dei
1412 1871 1541 1907 nostri
1569 1870 1616 1906 in

158 1926 241 1962 ista
262 1925 438 1973 proxime
464 1924 633 1961 ciuitate
666 1922 821 1960 editio
853 1922 1114 1970 publicata
1142 1928 1212 1959 est.
1267 1921 1383 1959 Hier.
1405 1933 1466 1969 eP.
1493 1923 1543 1959 18
1563 1922 1613 1958 14

156 1988 219 2024 pr.
251 1977 466 2014 secundum
497 1988 627 2014 omnes
661 1974 926 2021 editiones,
969 1987 1067 2024 quas
1091 1987 1214 2022 supra
1245 1976 1505 2022 exposuimus.
1564 1974 1616 2011 34

158 2030 183 2066 2
205 2041 264 2077 pr.
298 2030 471 2066 secunda
499 2027 655 2066 editio
683 2033 720 2065 et
742 2028 1000 2066 Theodotion.
1055 2026 1110 2064 ib.
1131 2028 1156 2063 4
1183 2028 1228 2063 in
1255 2028 1409 2064 cunctis
1438 2025 1614 2064 editio-

159 2081 307 2119 nibus
351 2084 413 2119 ita
448 2082 618 2130 repperi.
678 2080 731 2118 ib.
774 2080 797 2117 5
827 2080 857 2117 f.
897 2081 1155 2129 Symmachus
1193 2081 1412 2127 quintaque
1456 2078 1615 2116 editio

161 2134 465 2172 transtulerunt.
513 2136 562 2173 57
584 2135 608 2171 8
629 2132 749 2182 (312²)
773 2133 843 2170 hoc
863 2134 1076 2181 exemplum
1096 2133 1139 2168 in
1159 2131 1364 2177 uulgata
1387 2130 1615 2169 editione

159 2188 217 2225 sic
237 2188 386 2235 fertur.
442 2185 496 2223 ib.
521 2186 569 2223 11
597 2187 684 2223 iure
710 2186 969 2233 septuaqinta
999 2183 1081 2232 [i.e.
1103 2182 1178 2224 τῶν
1203 2185 1297 2232 Lxx]
1329 2183 1487 2221 editio
1514 2185 1614 2222 obti-

160 2240 252 2277 nuit
279 2241 325 2276 in
349 2239 539 2277 ecclesiis.
600 2238 648 2277 65
670 2238 692 2276 9
713 2249 774 2285 pr.
805 2238 851 2274 in
882 2236 1102 2274 editione
1134 2237 1341 2283 uulgata
1368 2249 1444 2285 pro
1477 2236 1614 2274 bene·

160 2291 289 2329 dixit
316 2291 460 2329 unxit
481 2292 660 2339 leyimus.
706 2289 759 2327 ib.
781 2290 830 2327 15
850 2301 911 2337 pr.
932 2295 1091 2338 excepta
1111 2288 1314 2336 uulgata
1343 2287 1611 2328 editione...

161 2344 421 2394 Symmachus
447 2348 486 2381 et
512 2344 657 2391 quinta
681 2342 1052 2390 editi0...Aquila,
1073 2344 1217 2390 quinta
1243 2347 1281 2379 et
1302 2347 1414 2379 sexta
1442 2340 1610 2380 editio.

161 2398 209 2436 71
240 2396 308 2435 51.
346 2398 605 2445 septuayinta
634 2397 897 2443 interpretum
925 2393 1200 2432 editionem
1228 2400 1266 2431 et
1293 2399 1330 2431 te
1362 2394 1505 2431 habere
1534 2405 1616 2431 non

160 2450 312 2487 dubito.
369 2449 444 2487 106
473 2448 633 2496 passim
659 2459 737 2496 e.g.
761 2448 784 2484 2
816 2447 876 2494 (ut
894 2448 1034 2484 sciatis
1060 2448 1186 2484 aliam
1213 2458 1293 2484 esse
1321 2445 1610 2493 editionem,

160 2513 282 2550 quam
320 2501 508 2548 Oriyenes
546 2506 585 2538 et
625 2501 899 2538 Caesariensis
935 2500 1134 2536 Eusebius
1164 2510 1371 2547 omnesque
1418 2499 1614 2536 Graeciae

162 2559 396 2592 tractatores
418 2551 557 2599 κοινήν,
576 2553 622 2590 id
640 2558 698 2590 est
716 2563 965 2598 communem,
989 2552 1196 2600 appellant
1215 2556 1333 2600 atque
1357 2550 1615 2598 uulgatam

161 2605 244 2643 and
271 2606 350 2653 19).
375 2606 453 2643 140
473 2606 521 2643 16
549 2617 610 2653 pr.
640 2605 796 2653 Aquila
817 2605 1076 2653 Symmachus
1100 2609 1138 2640 et
1160 2605 1306 2652 quinta
1332 2602 1499 2642 editio.
1558 2601 1613 2640 id.

159 2658 207 2696 in
225 2658 353 2696 Amos
370 2657 398 2695 l.
419 2668 454 2695 11
473 2669 505 2696 e.
530 2659 555 2694 4
575 2669 656 2695 ver.
676 2659 701 2694 4
721 2667 802 2704 seq.
828 2659 882 2701 (VI
901 2655 1000 2695 27οὓ
1019 2655 1080 2694 ed.
1101 2655 1203 2694 Ven.
1225 2655 1343 2706 1768)
1369 2657 1406 2693 si
1437 2657 1480 2693 in
1503 2660 1615 2693 utra-

1722 2694 1775 3010 „baia-xxm·-
1761 2631 1763 2634 .
1763 2600 1765 2603 .
