1775 3010
137 234 205 283 10]
325 231 658 272 ADSTRIGTIV
662 231 704 272 S.
762 231 1086 271 ARCESSITA.
1141 232 1399 270 INDVCTA.
1531 233 1607 273 239

133 321 246 359 lover
264 320 309 358 of
324 320 397 360 the
416 332 553 359 severe
572 319 692 370 style)
714 320 735 367 5
755 320 778 357 2
797 317 902 367 ὑμεῖς
919 321 999 371 γὰρ
1017 321 1053 358 οἱ
1072 321 1228 371 εὔζηλοι
1247 321 1400 369 optima
1428 331 1606 369 quaeque

135 375 383 412 detrahitiss
422 374 489 422 54
515 385 610 412 nam
636 384 725 410 cum
751 374 981 421 suspicarer
1001 374 1193 422 futurum
1223 378 1268 411 ut
1300 374 1377 411 tibi
1411 374 1606 411 tumidius

131 428 354 472 uideretur,
375 428 566 476 quoniam
583 430 642 464 est
658 427 869 463 sonantius
898 431 936 464 et
963 427 1128 474 elatius,
1151 438 1234 464 non
1261 427 1440 463 alienum
1467 427 1606 464 existi-

132 480 258 525 maui,
277 491 326 518 ne
354 485 390 518 te
420 485 633 528 torquens,
655 479 800 515 addere
829 480 969 516 statim
995 478 1217 527 pressius
1244 480 1442 528 quiddam
1471 484 1510 516 et
1539 491 1605 517 ex-

131 533 232 570 ilius
251 533 319 570 uel
330 533 470 581 potius
496 532 688 570 humilius
709 535 747 568 et
770 532 904 580 peius,
935 538 1066 570 uestro
1096 536 1230 570 tamen
1253 532 1409 569 iudicio
1441 533 1605 569 rectius.

131 586 184 633 55
197 597 269 624 cur
280 587 386 624 enim
397 597 476 623 non
485 595 769 633 usquequaque
785 583 926 621 tenui
936 587 952 621 t
962 586 1089 622 atem
1101 590 1276 622 uestram
1287 586 1482 634 insequar
1493 590 1532 622 et
1544 597 1605 622 ex-

134 639 318 686 agitem?
347 649 392 675 1x
413 638 460 676 19
481 637 551 685 56.
582 638 630 675 26
651 638 672 683 5
693 637 741 673 12
758 638 997 675 custoditius
1025 636 1344 686 pressiusque.
1401 637 1456 675 Of
1472 649 1496 675 a
1512 637 1604 675 sub-

131 689 241 728 dued
256 690 397 728 colour
407 702 487 728 vm
502 691 551 728 20
564 692 582 737 ξ
594 690 638 727 4:
660 689 704 726 of
723 701 748 727 a
762 689 992 737 shrubbery
1006 691 1114 728 close
1127 690 1227 739 clipt
1239 703 1265 728 v
1277 691 1299 729 7
1320 692 1340 738 5
1355 691 1394 729 3.
1428 689 1604 738 Quintil.

131 753 159 781 x
177 744 304 792 1544
324 743 351 782 l.
373 745 422 781 23
442 755 484 780 n.
541 742 640 780 Tac.
661 741 700 779 d.
721 743 744 779 2
759 755 888 791 purus
915 748 953 780 et
981 755 1373 791 pressus...sermo.
1434 745 1484 782 18
1502 746 1604 782 satis

130 802 288 835 constat
313 808 362 835 ne
403 796 590 834 Ciceroni
627 795 787 843 quidem
827 797 1108 834 obtrectatores
1137 797 1326 845 defuisse,
1357 798 1502 845 quibus
1542 798 1605 836 in-

119 851 252 899 flatus
272 855 310 887 et
330 854 481 887 tumens
499 860 570 886 nec
581 849 684 886 satis
703 859 921 896 preSSUS‚
934 850 1005 886 sed
1020 861 1145 899 supra
1163 851 1319 887 modum
1338 850 1605 888 exsultans

129 907 170 940 et
187 902 432 951 superfluens
452 906 491 939 et
504 913 653 950 parum
670 902 831 939 Atticus
850 902 1072 942 uideretur.
1121 913 1388 940 Ansrmcrrvs
1408 915 1423 939 1
1445 903 1494 940 20
1513 905 1534 951 5
1555 904 1604 941 20

128 956 300 1003 optimus
331 961 463 992 tamen
499 955 636 992 modu-3
674 958 745 993 est.
804 955 897 1003 quis
933 958 1087 1003 negat?
1133 956 1202 993 sed
1239 968 1318 993 non
1353 957 1486 993 minus
1524 968 1606 994 non

127 1012 266 1045 seruat
283 1008 440 1045 modum
459 1008 532 1056 qui
551 1008 667 1056 infra
685 1019 768 1045 rem
787 1019 909 1055 quam
934 1008 1006 1056 qui
1033 1020 1170 1057 supra,
1192 1010 1265 1057 qui
1294 1007 1603 1047 adstrictius

128 1072 251 1110 quam
269 1061 342 1110 qui
361 1061 526 1109 effusius
548 1061 664 1098 dicit.
723 1059 818 1097 Sen.
840 1071 905 1108 ep.
925 1062 950 1098 8
969 1062 990 1108 5
1013 1061 1062 1098 10
1086 1062 1189 1100 huuc
1214 1073 1374 1099 uersum
1403 1074 1429 1099 a
1456 1067 1492 1100 te
1519 1063 1604 1100 dici

127 1125 207 1151 non
229 1114 357 1162 paulo
389 1114 531 1151 melius
561 1113 631 1150 sed
660 1111 964 1151 adstrictius
992 1115 1166 1153 memini.
1226 1114 1308 1153 Cic.
1333 1114 1454 1152 Brut.
1474 1116 1517 1163 55
1538 1115 1601 1154 94.

129 1166 206 1204 120
232 1168 446 1204 stoicorum
482 1164 751 1204 astrictior
787 1172 845 1204 est
874 1167 1005 1204 oratio
1035 1169 1326 1216 aliquantoque
1356 1170 1604 1206 contractior

127 1231 251 1268 quam
268 1231 385 1257 aures
399 1220 545 1268 populi
566 1220 787 1268 requirunt.
831 1218 922 1258 309.
951 1219 1000 1257 de
1019 1231 1078 1259 or.
1103 1231 1150 1259 11.
1173 1222 1216 1267 55
1237 1222 1298 1258 56.
1325 1221 1388 1260 96.
1423 1220 1596 1268 Quintil.

127 1283 155 1309 x
174 1272 199 1310 4
220 1273 241 1320 5
263 1272 298 1310 1.
356 1271 454 1310 Tac.
476 1271 515 1309 d.
537 1272 586 1309 31
607 1277 702 1310 sunt
726 1272 838 1321 apud
865 1284 961 1321 quos
991 1272 1294 1311 adstrictum
1325 1279 1363 1311 et
1395 1275 1602 1312 collectum

127 1330 167 1363 et
184 1326 348 1373 singula
366 1325 507 1363 statim
524 1330 763 1373 aryumenta
781 1326 1018 1363 concludens
1045 1327 1207 1364 dicendi
1234 1339 1358 1375 qenus
1381 1328 1476 1376 plus
1495 1328 1600 1377 fidei

126 1384 311 1418 meretur.

205 1444 233 1484 1.
265 1445 289 1482 3
318 1455 512 1482 mnan-s
546 1448 556 1466 ‘
573 1456 688 1483 more
716 1443 972 1494 buoyantly!
1022 1445 1106 1483 Cic.
1144 1446 1258 1484 Suet.
1315 1458 1599 1484 ExvnrAxnvs

127 1497 217 1536 said
237 1497 305 1548 (by
323 1497 559 1546 Lagergren
578 1498 670 1548 eg.)
691 1500 734 1536 to
754 1497 804 1536 be
824 1498 932 1546 ἅπαξ
952 1500 1176 1547 λεγόμενον.
1237 1500 1311 1539 See
1330 1500 1466 1539 Amm.
1492 1511 1599 1538 xxnt

127 1551 150 1588 5
175 1552 197 1598 5
228 1551 253 1589 8
286 1550 607 1589 exultantius
643 1552 866 1590 incedebat.
927 1551 1015 1589 The
1047 1552 1222 1600 positive
1255 1553 1519 1601 (questioned
1547 1553 1601 1601 by

125 1603 246 1655 lexx.)
267 1615 410 1642 occurs
429 1604 476 1642 in
494 1604 616 1653 Cypr.
638 1603 766 1644 twice.
830 1603 1006 1653 Quintil.
1027 1617 1105 1643 vm
1126 1607 1148 1643 3
1169 1607 1189 1653 5
1210 1606 1261 1645 56
1282 1606 1532 1645 arcessita
1561 1612 1600 1645 et

125 1656 424 1697 exultantia.

203 1729 232 1768 1.
251 1729 277 1768 4
295 1741 516 1768 ARCESSITA
535 1741 580 1768 so
600 1729 692 1768 Keil
713 1729 818 1778 (also
837 1728 883 1767 in
901 1742 944 1768 v1
965 1731 1013 1768 25
1035 1733 1055 1779 5
1077 1731 1113 1776 5,
1134 1730 1268 1769 where
1289 1730 1344 1771 M.
1368 1731 1448 1770 has
1467 1745 1598 1771 accer-

123 1795 279 1822 samus:
300 1794 367 1821 see
385 1783 567 1821 Wilkins
586 1783 631 1821 in
649 1783 817 1833 journal
837 1783 883 1820 of
904 1783 1049 1832 philol.
1069 1797 1096 1822 v
1114 1785 1323 1823 278—285
1344 1797 1398 1823 on
1426 1785 1498 1824 the
1517 1786 1596 1824 evi-

125 1835 252 1874 dence
280 1835 346 1873 for
374 1836 562 1886 accerso).
622 1847 639 1874 1
670 1837 759 1884 125
790 1837 813 1873 2
843 1836 1089 1875 arcessita
1117 1850 1233 1876 mors.
1288 1850 1315 1876 v
1334 1838 1397 1886 65
1426 1839 1476 1876 42
1499 1838 1599 1888 (any

123 1888 232 1931 book
250 1888 287 1926 is
306 1888 421 1937 long)
440 1890 477 1927 si
496 1891 660 1938 aliquid
679 1888 896 1927 arcessit
924 1896 1045 1938 atque
1074 1892 1265 1929 attrahit.
1323 1891 1494 1939 Quintil.
1518 1903 1598 1930 V111

124 1943 147 1980 3
167 1943 188 1990 5
208 1942 258 1981 56
280 1939 508 1992 (instances
535 1942 581 1979 of
606 1945 821 1993 κακόζηλον
851 1954 898 1980 or
918 1948 927 1964 ‘
944 1943 1058 1981 mala
1086 1943 1310 1982 adfectatio
1326 1946 1351 1992 ')
1374 1946 1529 1983 tumida
1558 1952 1597 1983 et

118 1996 275 2044 pusilla
324 2000 363 2034 et
395 1996 637 2044 praedulcia
669 2001 708 2033 et
751 1996 1006 2034 abundantia
1039 2002 1079 2034 et
1121 1996 1366 2035 arcessita
1396 2003 1434 2036 et
1467 1999 1594 2036 exul-

123 2047 302 2086 tantia.
357 2059 385 2086 x
413 2048 439 2085 4
470 2050 490 2096 5
524 2048 562 2088 1.
605 2048 699 2087 Sen.
722 2049 858 2096 tranq.
891 2049 912 2086 1
939 2051 959 2097 5
988 2049 1012 2088 6
1041 2050 1152 2087 m‘lzz'l
1181 2051 1326 2088 habens
1358 2051 1595 2089 arcessiti

116 2102 351 2150 pretiosiue.
394 2112 572 2139 mnvcrA
590 2113 616 2138 v
631 2102 654 2140 6
667 2103 687 2149 5
700 2102 751 2138 44
769 2103 806 2139 si
825 2102 936 2140 nihil
954 2101 1219 2140 inductum
1239 2109 1277 2141 et
1292 2105 1411 2152 quasi
1431 2105 1593 2142 (leuium

123 2155 337 2202 loquimur.
396 2165 441 2192 Π
460 2155 483 2191 3
503 2156 523 2202 5
545 2155 568 2192 5
589 2154 625 2206 (I
643 2165 750 2203 env’y
769 2153 840 2192 the
869 2155 1038 2200 Greeks,
1059 2155 1234 2194 because
1260 2168 1343 2205 you
1371 2156 1476 2194 have
1506 2169 1593 2205 pre-

121 2205 257 2244 ferred
275 2209 319 2244 to
338 2218 412 2244 use
440 2206 552 2245 their
584 2207 789 2256 language
808 2207 872 2246 for
905 2207 1127 2257 epigrams)
1148 2221 1275 2258 neque
1307 2210 1411 2247 enim
1441 2212 1593 2248 coniec-

122 2264 217 2297 tura
235 2265 334 2306 met,
354 2260 456 2308 quid
475 2272 649 2298 sermone
675 2262 818 2310 pat-rio
851 2263 1072 2310 exprimere
1100 2264 1244 2310 possis,
1270 2274 1358 2300 cum
1390 2263 1458 2300 hoc
1493 2264 1594 2301 insi-

122 2313 218 2351 ticio
237 2317 276 2350 et
294 2311 502 2351 inducto
523 2318 606 2351 tam
618 2315 838 2363 praeclara
857 2325 978 2364 opera
991 2316 1224 2364 perfeceris,

197 2385 225 2424 l.
248 2387 272 2425 5
293 2397 466 2424 sEvas
484 2385 719 2435 Heusinger
736 2386 856 2425 reads
874 2389 1015 2435 secius,
1039 2399 1086 2426 as
1103 2387 1190 2426 also
1210 2399 1254 2425 VI
1274 2388 1326 2426 20
1345 2390 1365 2436 5
1386 2388 1423 2426 5.
1482 2393 1506 2409 “
1519 2389 1593 2426 As-

120 2439 278 2477 sentior
304 2437 577 2488 HeusingerO.
642 2441 705 2478 est
733 2442 878 2478 tamen
905 2440 977 2478 ubi
1001 2442 1163 2489 segnius
1189 2439 1329 2478 locum
1349 2452 1475 2479 suum
1502 2440 1593 2479 iure

118 2494 298 2531 tueatur.
352 2491 444 2529 Liv.
464 2503 508 2529 VI
541 2493 591 2530 38
624 2494 644 2540 5
670 2493 694 2530 8
719 2492 847 2532 Drak.
881 2492 1061 2541 interpp.
1095 2493 1214 2531 Caes.
1235 2493 1273 2533 b.
1298 2505 1332 2531 c.
1354 2505 1388 2531 11
1409 2496 1431 2533 7
1451 2506 1492 2542 p.
1515 2494 1592 2533 61⁸

119 2556 201 2592 seq.
243 2543 378 2584 Oud.'’
435 2544 668 2584 Samma.
725 2545 785 2583 To
813 2557 881 2584 me
910 2549 1070 2594 seqnius
1097 2557 1230 2584 seems
1259 2558 1376 2585 more
1405 2546 1590 2585 forciblc.

122 2598 240 2636 “Not
258 2597 330 2635 the
347 2597 430 2636 less
450 2597 659 2645 earnestly
677 2597 730 2636 do
749 2598 770 2636 Ι
788 2599 934 2648 pray.'’
973 2610 1218 2643 QVANDOQVE
1238 2610 1273 2637 11
1295 2599 1378 2648 105
1399 2601 1435 2639 3.
1477 2612 1521 2638 1v
1542 2601 1590 2638 13

116 2652 139 2699 5
157 2650 207 2690 6.'
250 2662 293 2689 VI
315 2651 363 2687 21
383 2652 404 2699 5
423 2651 461 2690 2.
510 2662 607 2699 pan.
629 2651 679 2688 10
697 2653 718 2699 5
738 2652 775 2689 5.
823 2653 873 2690 28
893 2653 914 2700 5
933 2652 970 2692 5.
1030 2653 1079 2690 35
1099 2653 1120 2700 5
1140 2653 1178 2692 4.
1229 2652 1280 2692 94
1299 2654 1320 2700 5
1340 2653 1379 2691 4.
1426 2652 1588 2691 Iuenn-

118 2714 245 2742 cmm.
304 2702 387 2741 Cic.
409 2702 497 2742 Lix’.
525 2703 619 2742 Sen.
645 2703 751 2741 Cels.
775 2703 935 2744 Colum.
961 2703 1057 2744 Tac.
1085 2705 1197 2746 Suet.
1222 2704 1313 2744 IuV.
