1823 3000
184 258 238 299 18
727 252 877 296 VIIII
939 255 1108 296 18—24

179 356 352 413 fuerat,
370 354 698 401 accusauimus
717 353 897 415 dispari
913 358 1092 399 euentu
1112 370 1122 399 z
1159 352 1322 398 Prisco
1338 352 1388 397 in
1407 350 1656 398 biennium

125 456 164 487 19
182 435 330 481 Italia
373 435 701 489 interdictum,
749 432 1000 478 absolutus
1052 438 1126 479 est
1181 432 1377 479 Fuscus.
1470 431 1657 476 actione

181 515 328 561 tertia
364 514 800 561 commodissimum
839 513 1120 573 putauimus
1159 513 1322 573 plures
1357 526 1656 572 congregare,

182 611 256 652 ne,
275 595 315 640 si
337 595 527 655 longius
551 599 674 639 esset
698 598 916 638 extracta
939 594 1162 654 cognitio,
1181 593 1404 637 satietate
1427 597 1477 637 et
1499 591 1659 636 taedio

182 674 391 735 quodam
428 672 616 718 iustitia
663 672 1052 731 cognoscentium
1099 671 1426 731 seueritasque
1467 669 1660 730 langue—
1714 676 1741 721 5

183 759 363 810 sceret;
404 757 453 797 et
487 751 670 812 alioqui
704 755 988 810 supererant
1021 750 1230 795 minores
1263 750 1335 794 rei
1369 749 1483 794 data
1517 763 1661 809 opera

183 834 312 878 hunc
334 833 387 877 in
410 832 568 877 locum
590 832 838 889 reseruati,
859 837 1058 892 excepta
1081 836 1245 876 tamen
1270 830 1469 876 Classici
1491 844 1656 885 uxore,

184 930 306 976 quae
330 915 455 960 sicut
477 914 697 974 inplicita
721 914 1068 975 suspitionibus
1091 913 1162 958 ita
1186 928 1282 957 non
1298 911 1416 957 satis
1439 909 1662 956 conuinci

134 1016 171 1036 20
185 993 548 1055 probationibus
572 992 678 1036 uisa
702 997 786 1036 est.
858 1007 969 1036 nam
988 991 1185 1036 Classici
1209 990 1322 1045 filia,
1341 1004 1463 1049 quae
1487 994 1535 1033 et
1558 987 1662 1048 ipsa

186 1074 316 1119 inter
360 1088 465 1118 reos
511 1077 630 1128 erat,
673 1087 735 1117 ne
781 1071 1132 1132 suspitionibus
1178 1069 1373 1130 quidem
1417 1068 1657 1114 haerebat.
1686 1071 1745 1116 10

185 1152 348 1213 itaque
373 1168 480 1197 cum
496 1151 556 1196 ad
580 1167 756 1196 nomen
779 1151 882 1196 eius
901 1151 954 1195 in
972 1156 1189 1195 extrema
1205 1149 1392 1194 actione
1405 1148 1658 1204 uenissem,

187 1230 362 1294 (neque
385 1231 514 1277 enim
537 1235 594 1275 ut
617 1230 759 1275 initio
784 1230 849 1275 516
873 1230 1019 1275 etiam
1050 1229 1102 1273 in
1139 1229 1234 1273 fine
1262 1227 1527 1273 uerendum
1560 1230 1664 1272 erat

187 1328 248 1358 ne
277 1329 362 1374 per
395 1312 484 1357 hoc
518 1311 670 1357 totius
700 1311 1018 1356 accusationis
1049 1310 1310 1355 auctoritas
1339 1304 1660 1369 minueretur)

187 1391 580 1437 honestissimum
600 1391 782 1436 credidi
799 1406 895 1435 non
915 1405 1130 1450 premere
1154 1389 1500 1444 immerentem,
1518 1387 1664 1446 idque

131 1499 166 1518 21
188 1472 347 1533 ipsum
362 1472 466 1516 dixi
490 1477 539 1516 et
561 1471 710 1516 libere
728 1477 778 1516 et
801 1471 946 1516 uarie.
1019 1487 1133 1515 nam
1157 1470 1297 1515 modo
1315 1470 1496 1530 legatos
1519 1468 1664 1513 inter-
1689 1471 1745 1516 15

188 1553 416 1613 rogabam
435 1552 772 1597 docuissentne
795 1567 871 1597 me
890 1552 1072 1612 aliquid
1097 1552 1224 1612 quod
1239 1567 1290 1596 re
1313 1548 1507 1612 probari
1529 1563 1664 1610 posse

189 1631 497 1687 confiderent,
532 1630 673 1675 modo
708 1630 960 1676 consilium
993 1646 1021 1674 a
1055 1635 1227 1675 senatu
1262 1629 1496 1689 petebam,
1529 1632 1665 1688 puta-

189 1715 324 1755 retne
349 1710 520 1755 debere
544 1725 633 1765 me,
661 1710 702 1754 si
727 1725 869 1770 quam
901 1709 1124 1754 haberem
1157 1709 1209 1753 in
1237 1708 1439 1753 dicendo
1466 1706 1664 1752 faculta-

189 1795 302 1846 tem,
329 1789 382 1834 in
405 1789 626 1849 iugulum
650 1789 920 1834 innocentis
943 1789 1081 1850 quasi
1113 1790 1264 1834 telum
1296 1788 1489 1849 aliquod
1512 1787 1668 1832 inten-

189 1869 328 1927 dere,
365 1875 605 1930 postremo
640 1874 799 1913 totum
834 1868 991 1913 locum
1026 1868 1115 1913 hoc
1150 1868 1245 1913 fine
1280 1867 1492 1912 conclusi
1521 1867 1668 1912 ‘dicet
1689 1865 1750 1911 20

193 1947 370 2008 aliquis
403 1947 592 1992 iudicas
633 1964 736 2007 erqo
757 1949 777 1992 2
835 1964 920 2007 ego
962 1963 1077 1993 uero
1116 1963 1215 1992 non
1255 1946 1428 2003 iudico,
1468 1946 1668 1991 memini

133 2053 173 2073 22
192 2033 356 2074 tamen
379 2043 456 2072 me
479 2027 768 2072 aduocatum
794 2044 853 2072 ex
877 2028 1118 2072 iudicibus
1141 2028 1337 2072 datum.’
1404 2026 1483 2071 hic
1505 2042 1670 2072 nume-

192 2103 461 2150 rosissimae
496 2118 665 2147 causae
700 2102 936 2147 terminus
964 2102 1070 2158 fuit,
1097 2101 1384 2162 quibusdam
1419 2101 1665 2157 absolutis,

193 2181 413 2243 pluribus
436 2179 677 2225 damnatis
701 2184 846 2239 atque
865 2178 1008 2224 etiam
1026 2178 1262 2239 relegatis,
1285 2177 1392 2222 aliis
1408 2176 1460 2222 in
1477 2183 1670 2238 tempus

137 2284 176 2312 23
196 2263 302 2308 aliis
325 2261 378 2306 in
400 2266 701 2322 perpetuum.
773 2259 939 2304 eodem
964 2263 1157 2303 senatus
1188 2257 1407 2303 consulto
1430 2255 1670 2302 industria
1693 2259 1752 2305 25
1817 2262 1823 2315 ‘3

196 2343 314 2389 fides
348 2341 621 2387 constantia
648 2345 815 2386 nostra
841 2339 1117 2400 plenissimo
1151 2337 1430 2383 testimonio
1460 2351 1671 2396 compro-
1814 2317 1823 2328 ι

196 2423 312 2468 bata
335 2426 420 2477 est,
448 2420 648 2480 dignum
679 2418 928 2479 solumque
961 2434 1048 2478 par
1075 2417 1285 2478 pretium
1319 2416 1448 2461 tanti
1479 2413 1666 2461 laboris.

141 2524 181 2553 24
199 2500 446 2560 concipere
486 2498 646 2543 animo
686 2502 822 2559 potes
867 2512 1012 2557 quam
1059 2496 1207 2540 simus
1245 2493 1453 2556 fatigati,
1496 2491 1672 2554 quibus

281 2599 306 2637 8
335 2597 537 2647 inplicata
555 2601 589 2637 D
803 2596 827 2634 8
857 2593 1158 2644 suspitionibus
1186 2597 1215 2633 F
1459 2590 1511 2630 10
1538 2587 1671 2638 suspi-

202 2663 388 2705 tionibus
416 2667 489 2703 ΡΙ)
