1823 3000
689 257 859 302 XVIII
920 261 1064 302 3—10
1567 263 1619 304 31

134 359 252 406 tatis
275 360 435 419 habet,
463 358 775 420 adrogantiae
797 357 935 405 nihil.
1008 357 1113 419 cepi
1136 363 1300 404 autem
1324 375 1422 404 non
1446 360 1622 406 medio-
1642 390 1661 417 4

135 456 264 485 crem
310 440 616 500 uoluptatem
680 438 824 499 quod,
884 438 1014 483 hunc
1062 437 1242 483 librum
1296 454 1405 483 cum
1455 440 1622 486 amicis

135 520 338 565 recitare
355 518 630 573 noluissem,
657 533 754 561 non
778 533 865 578 per
888 516 1144 575 codicillos,
1182 532 1281 561 non
1304 532 1392 577 per
1414 516 1616 573 libellos,

134 600 216 646 sed
261 599 322 645 ‘si
362 596 694 644 commodum'
738 601 788 642 et
831 597 900 642 ‘si
934 597 1077 642 ualde
1120 596 1344 642 uacaret’
1382 597 1622 642 admoniti

82 683 109 727 5
137 679 421 742 (numquam
448 695 591 741 porro
619 684 706 724 aut
740 678 883 724 ualde
915 684 1059 723 uacat
1084 678 1270 723 Romae
1303 683 1389 723 aut
1420 694 1621 724 commo-

134 761 251 806 dum
286 765 359 806 est
392 760 561 805 audire
595 759 919 820 recitantem),
946 758 1236 805 foedissimis
1270 759 1470 820 insuper
1504 764 1621 804 tem-

133 841 413 903 pestatibUS,
440 856 525 902 per
548 840 752 885 biduum
779 847 1127 897 conuenerunt,
1155 855 1361 901 cumque
1386 840 1622 886 modestia

133 939 239 968 mea
284 921 431 966 finem
472 920 748 966 recitationi
792 920 948 966 facere
990 921 1237 980 uoluisset,
1278 926 1337 966 ut
1382 921 1619 967 adicerem

132 1002 333 1047 tertium
358 1001 481 1046 diem
510 1006 789 1061 exegerunt.
841 1001 962 1045 mihi
987 1000 1118 1046 hunc
1141 999 1372 1045 honorem
1397 1000 1618 1045 habitum
1645 1028 1661 1057 5

52 1079 110 1124 10
131 1086 299 1143 putem
331 1096 394 1125 an
435 1080 640 1126 studiis?
684 1080 858 1125 studiis
899 1081 1038 1137 malo,
1073 1096 1196 1141 quae
1227 1096 1375 1141 prope
1403 1080 1621 1126 extincta

131 1162 424 1207 refouentur.
464 1166 517 1206 at
541 1161 619 1206 cui
637 1161 869 1206 materiae
894 1162 1017 1207 hanc
1042 1163 1351 1208 sedulitatem
1370 1163 1620 1224 praestite-
1644 1180 1663 1210 6

131 1243 467 1303 runt'lnempe
484 1257 631 1303 quam
649 1241 701 1286 in
722 1248 893 1287 senatu
911 1259 1113 1304 quoque,
1127 1244 1212 1289 ubi
1227 1244 1414 1305 perpeti
1432 1259 1620 1289 11606556

131 1327 249 1378 erat,
285 1322 480 1383 grauari
514 1327 680 1367 tamen
725 1322 804 1367 uel
842 1327 1023 1382 puncto
1068 1323 1297 1383 'temporis
1335 1323 1617 1381 solebamus,

132 1402 332 1448 eandem
355 1418 486 1447 nunc
519 1408 568 1447 et
592 1402 676 1462 qui
701 1402 903 1447 recitare
927 1408 977 1448 et
997 1404 1078 1464 qui
1099 1403 1265 1448 audire
1284 1403 1448 1448 triduo
1465 1403 1620 1448 uelint

50 1486 108 1530 15
133 1483 469 1542 inueniuntur,
497 1499 596 1528 non
612 1483 728 1544 quia
747 1482 1054 1544 eloquentius
1071 1500 1217 1544 quam
1234 1484 1384 1545 prius,
1407 1483 1490 1529 sed
1506 1484 1620 1545 quia

132 1562 331 1609 liberius
377 1563 581 1624 ideoque
629 1562 775 1608 etiam
817 1562 1052 1608 libentius
1098 1563 1340 1610 scribitur.
1427 1563 1621 1608 accedet
1645 1585 1662 1613 7

133 1658 243 1703 ergo
277 1642 368 1689 hoc
403 1659 594 1705 quoque
627 1643 852 1689 laudibus
886 1643 1120 1704 principis
1144 1644 1332 1700 nostri,
1376 1644 1501 1705 quod
1544 1660 1620 1689 res

131 1728 275 1768 antea
298 1728 400 1768 tam
423 1723 585 1768 inuisa
609 1739 756 1783 quam
788 1721 910 1768 falsa
934 1739 1063 1769 nunc
1089 1729 1144 1768 ut
1167 1739 1285 1768 uera
1305 1723 1378 1768 ita
1401 1723 1621 1768 amabilis

131 1803 260 1850 facta
283 1809 367 1850 est.
431 1804 513 1850 sed
539 1819 626 1865 ego
645 1820 755 1849 cum
788 1803 1008 1849 studium
1036 1804 1345 1850 audientium
1369 1810 1474 1850 tum
1500 1804 1619 1849 iudi·
1644 1830 1661 1860 g

48 1891 110 1937 20
133 1883 260 1930 cium
313 1883 435 1929 mire
480 1885 714 1945 probaui:
764 1883 1092 1930 animaduerti
1139 1884 1270 1930 enim
1317 1884 1620 1930 seuerissima

132 1980 351 2026 quaeque
372 1965 452 2010 uel
485 1965 695 2010 maxime
731 1965 1016 2013 satisfacere.
1089 1966 1292 2011 memini
1324 1965 1516 2026 quidem
1544 1982 1620 2010 me

131 2060 232 2091 non
275 2044 444 2090 multis
489 2045 717 2091 recitasse
773 2045 902 2106 quod
957 2046 1182 2091 omnibus
1236 2045 1417 2106 scripsi,
1467 2045 1619 2090 nihilo

132 2125 294 2171 minus
316 2130 495 2183 tamen,
522 2131 772 2187 tamquam
797 2127 861 2172 sit
885 2126 1050 2172 eadem
1078 2127 1291 2171 omnium
1320 2127 1487 2172 futura
1519 2141 1620 2170 5611-

1643 2003 1661 2031 9

134 2207 304 2264 tentia,
353 2207 443 2252 hac
488 2208 748 2252 seueritate
793 2208 989 2252 aurium
1027 2207 1194 2265 laetor,
1235 2222 1291 2252 ac
1337 2206 1465 2250 sicut
1505 2205 1620 2250 011111

50 2288 110 2334 25
134 2283 326 2330 theatra
358 2285 484 2331 male
512 2286 720 2331 musicos
754 2301 924 2332 canere
961 2286 1243 2343 docuerunt,
1287 2286 1358 2330 ita
1398 2300 1527 2329 nunc
1568 2286 1621 2329 in

134 2379 268 2426 spem
290 2366 503 2412 adducor
525 2383 662 2428 posse
686 2367 792 2412 fieri
815 2373 872 2412 ut
896 2367 1062 2412 eadem
1086 2367 1279 2412 theatra
1301 2367 1425 2411 bene
1450 2381 1620 2410 canere

134 2444 341 2490 musicos
364 2445 578 2494 doceant.
652 2462 818 2492 omnes
842 2447 972 2492 enim
997 2447 1078 2508 qui
1103 2446 1321 2508 placendi
1347 2461 1488 2490 causa
1512 2445 1621 2490 scri·
1646 2479 1684 2499 10

134 2524 262 2570 bunt
285 2524 448 2584 qualia
465 2525 654 2586 placere
676 2526 896 2572 uiderint
918 2527 1144 2572 scribent.
1204 2541 1259 2571 ac
1280 2525 1401 2570 mihi
1426 2524 1620 2585 quidem

219 2631 268 2669 11
297 2630 359 2680 at]
380 2629 434 2669 ad
461 2633 540 2671 HV
701 2632 751 2670 12
781 2633 925 2683 quam]
946 2644 1029 2681 qua
1057 2635 1135 2671 MV
1298 2631 1347 2669 14
1375 2630 1552 2670 eandem
1577 2634 1619 2670 Μ

138 2701 203 2737 VI·
256 2695 402 2736 eadem
417 2699 533 2744 Dpra.
