1823 3000
139 253 164 291 3
184 252 228 302 4]
327 250 696 291 PRAELOGVTI.
749 250 1030 291 ΕΧΙΜΈΒΕ.
1086 251 1428 292 POSTVLARE.
1566 254 1615 295 71

137 348 312 396 primum
325 357 397 394 me,
417 346 588 390 domine,
601 345 864 393 indulcentia
881 349 1020 383 uestra
1031 346 1238 394 promouit
1251 347 1308 384 ad
1314 346 1619 395 praefecturam

139 401 278 438 aerari
307 400 493 444 Saturni,
523 397 758 436 omnibus
795 397 1236 446 aduocationibus‚
1270 399 1457 447 quibus
1496 401 1617 438 alio-

140 452 224 501 qui
251 463 520 500 numquam
548 462 683 489 eram
715 450 1004 499 promiscue
1037 451 1260 500 functus,
1295 452 1615 499 renuntiaui,

138 507 195 543 ut
232 507 338 543 toto
384 503 548 542 animo
585 503 821 552 delegato
856 503 985 542 mihi
1021 503 1202 542 officio
1240 516 1488 545 uacarem.
1544 507 1617 554 52

140 571 223 607 qua
254 571 303 596 ex
332 569 466 605 causa,
507 568 615 594 cum
649 558 925 605 patronum
954 569 1029 595 me
1061 556 1412 607 prouinciales
1449 560 1615 608 optas-

140 614 251 650 sent
277 612 453 649 contra
481 609 694 647 Marium
723 610 964 659 Priscum,
996 612 1043 649 et
1072 610 1199 659 petii
1226 611 1429 650 ueniam
1460 611 1616 651 huius

138 663 362 702 muneris
388 664 435 701 et
454 662 745 710 impetraui.
802 663 888 701 sed
913 675 1023 702 cum
1047 666 1226 712 postea
1253 664 1432 703 consul
1457 664 1614 714 desig-

139 719 291 756 natus
326 715 614 754 censuisset
651 716 898 764 agendum
933 716 1220 763 nobiscum,
1259 729 1471 766 quorum
1508 721 1615 757 erat

139 768 405 808 excusatio
433 771 651 817 recepta,
681 772 734 807 ut
767 781 994 808 essemus
1026 770 1080 808 in
1111 772 1321 809 senatus
1349 773 1615 820 potestate

138 825 526 872 pateremurque
556 821 764 860 nomina
797 824 972 860 nostra
1004 822 1056 861 in
1085 835 1265 862 urnam
1291 823 1478 870 conici,
1499 836 1614 863 con-

138 874 588 915 venientissimum
626 887 736 914 esse
764 875 1154 924 tranquillitati
1192 877 1390 915 saeculi
1417 877 1494 916 tui
1529 889 1609 927 pu-

138 927 246 967 taui
281 928 592 978 praesertim
637 930 744 967 tam
787 928 1079 968 moderatae
1115 929 1376 969 uoluntati
1413 930 1612 980 amplis-

138 981 254 1020 simi
299 980 493 1019 ordinis
529 993 629 1019 non
665 993 971 1031 repugnare.
1042 982 1199 1032 Trajan
1238 983 1309 1034 (ib.
1343 983 1501 1036 B=21)
1541 995 1612 1032 ap-

135 1033 290 1084 proved
313 1033 382 1072 his
407 1034 678 1073 submission.
730 1047 826 1083 pan.
849 1036 898 1075 91
918 1047 979 1084 pr.
1013 1037 1191 1074 nondum
1217 1038 1421 1075 biennium
1444 1039 1613 1086 comple-

136 1100 323 1127 ueramus
360 1089 407 1125 in
443 1087 621 1126 officio
658 1087 1072 1127 laboriosissimo
1111 1091 1156 1127 et
1185 1089 1416 1136 maximo,
1446 1103 1537 1129 cum
1567 1095 1612 1129 tu

134 1142 260 1189 nobis,
286 1142 512 1191 fortissime
533 1143 783 1190 principum,
804 1143 1057 1180 consulatum
1082 1143 1280 1181 obtulisti.
1340 1144 1391 1184 92
1411 1155 1473 1192 pr.
1505 1145 1614 1182 illud

134 1206 230 1233 uero
263 1207 385 1244 quam
418 1195 590 1243 insiyne,
628 1196 734 1243 quod
765 1196 879 1233 nobis
910 1197 1135 1245 praefectis
1169 1197 1330 1235 aerario
1362 1198 1613 1236 consulatum

134 1253 228 1286 ante
259 1260 380 1297 quam
410 1259 672 1286 successorem
701 1249 850 1286 dedisti
861 1253 878 1287 s
933 1255 1058 1287 aucta
1089 1253 1148 1287 est
1177 1250 1359 1297 diqnitas
1389 1251 1608 1299 dignitate,

135 1313 207 1339 nec
227 1302 487 1339 continuatus
508 1306 666 1339 tantum
689 1303 759 1339 sed
777 1303 1006 1349 ²qeminatus
1031 1308 1089 1340 est
1113 1303 1237 1340 honor
1254 1303 1461 1352 finemque
1475 1309 1608 1353 potes-

136 1355 235 1392 tatis
267 1355 438 1392 atterz'us
464 1355 597 1392 altera
615 1356 936 1403 praeuenit...ut
960 1367 1030 1393 nos
1049 1360 1144 1404 post
1182 1356 1461 1394 maximum
1497 1355 1607 1395 offi-

134 1406 264 1446 cium
284 1408 474 1457 priuatos
493 1419 575 1446 esse
593 1419 675 1446 non
693 1409 856 1447 sineres.
912 1408 1085 1446 Gnarus.

211 1507 241 1547 1.
272 1508 322 1548 27
360 1519 611 1547 Pnfflnocvrr
650 1519 706 1546 an
739 1508 922 1547 unusual
951 1507 1065 1547 word
1096 1520 1141 1548 1v
1173 1509 1197 1548 5
1229 1511 1307 1559 53.
1345 1522 1426 1548 vm
1454 1510 1504 1548 21
1533 1512 1609 1559 53.

135 1560 233 1602 Sen.
254 1573 295 1601 n.
321 1573 360 1610 q.
380 1573 415 1600 11
435 1562 484 1599 11
513 1563 578 1609 53
608 1563 705 1600 haec
734 1563 1006 1600 necessarium
1030 1564 1122 1612 suit
1153 1563 1424 1612 praeloqui
1453 1565 1613 1603 dicturo

133 1616 184 1706 clii
201 1616 370 1709 {nitra
424 1614 567 1656 Rufin.
591 1614 693 1653 382b
712 1614 856 1664 Migne
877 1616 937 1666 (to
956 1615 1152 1667 foretell).
1205 1616 1463 1656 Consentius
1489 1629 1516 1658 v
1535 1618 1612 1658 387

211 1772 404 1800 Exnfflnu
450 1773 495 1801 rv
530 1763 581 1801 23
623 1764 644 1811 5
675 1763 699 1801 3
726 1764 846 1802 illum
880 1762 1127 1802 ciuilibus
1166 1763 1363 1803 officiis
1404 1765 1610 1815 principis

131 1816 319 1854 amicitia
351 1817 504 1855 exemit.
569 1827 614 1854 so
646 1818 832 1864 periculo
864 1815 976 1867 (Tac.
996 1816 1039 1855 h.
1070 1828 1087 1855 1
1107 1817 1170 1856 59.
1194 1818 1256 1858 73.
1286 1829 1321 1855 11
1347 1818 1412 1856 93.
1468 1818 1609 1856 Amm.

130 1878 228 1906 xxxr
258 1869 307 1907 13
337 1869 359 1916 5
385 1868 440 1920 9),
477 1871 591 1907 uitae
624 1869 737 1917 (Tac.
771 1881 843 1907 ΧΠ
873 1870 923 1909 64
955 1870 1208 1920 Nipperdey.
1264 1869 1460 1924 Drager).
1517 1871 1603 1911 abs.

132 1920 216 1960 Cic.
236 1920 282 1960 in
301 1921 383 1962 Pis.
408 1924 429 1971 5
449 1922 515 1962 94.
572 1922 668 1961 Tac.
690 1934 763 1962 ΧΠ
781 1923 832 1962 49
855 1921 920 1975 (al.
944 1922 1153 1976 exceptis).

210 2026 241 2066 1.
261 2028 312 2066 28
341 2038 522 2067 SENATVS
542 2039 785 2067 coxsvzrvn
809 2040 854 2067 vr
874 2030 924 2069 29
943 2031 964 2078 5
984 2032 1008 2071 7
1036 2042 1114 2069 non
1132 2041 1341 2079 nunquam
1358 2031 1610 2077 necessitati,

133 2092 235 2129 quae
261 2093 361 2130 pars
397 2084 574 2121 rationis
613 2088 684 2128 est,
717 2084 859 2132 parui.
915 2082 995 2132 egi
1031 2082 1164 2121 enim
1194 2083 1445 2132 quasdam
1483 2095 1509 2122 a
1541 2095 1609 2122 se-

131 2135 257 2171 natu
283 2133 469 2184 iussus,
503 2148 580 2184 quo
607 2141 740 2174 tamen
767 2138 815 2174 in
838 2148 1000 2175 numero
1022 2137 1197 2185 fuerunt
1225 2148 1275 2175 ex
1299 2138 1379 2175 illa
1406 2137 1610 2176 Thraseae

133 2187 349 2233 diuisione,
380 2189 451 2227 hoc
480 2194 537 2227 est
566 2189 621 2226 aa
650 2191 873 2238 exemplum
894 2191 1161 2238 pertinentes.
1217 2201 1279 2228 vn
1299 2191 1349 2228 33
1371 2193 1391 2238 5
1410 2190 1436 2227 4
1467 2189 1611 2228 dede-

133 2241 213 2276 rat
241 2251 317 2278 me
345 2243 562 2280 senatus
589 2254 679 2280 cum
697 2243 907 2280 Herennio
929 2243 1146 2281 Senecione
1167 2242 1480 2282 aduocatum
1506 2254 1611 2291 pro-

132 2291 334 2331 uinciae
374 2294 612 2333 Baeticae
657 2300 800 2334 contra
835 2296 1036 2334 Baebium
1070 2297 1264 2336 Massam.
1334 2297 1355 2345 5
1389 2297 1413 2335 5
1461 2296 1610 2335 aduo-

133 2345 235 2383 cati
262 2356 288 2384 a
314 2349 501 2386 senatu
527 2346 646 2388 dati.

214 2440 280 2486 54
319 2442 362 2478 P.
383 2445 406 2480 6
431 2440 459 2481 1.
484 2443 509 2480 3
554 2453 799 2482 AnvocArm
830 2454 1179 2482 PosmAvnnvnr
1214 2455 1242 2482 v
1272 2443 1323 2481 20
1351 2444 1372 2491 5
1402 2442 1424 2480 1
1463 2443 1611 2481 iterum

132 2492 339 2541 Bithyni:
371 2494 486 2533 breue
514 2500 668 2546 tempus
696 2509 723 2534 a
747 2497 858 2536 Iulio
885 2498 1026 2542 Basso,
1057 2502 1096 2535 et
1113 2496 1268 2546 Rufum
1291 2497 1494 2534 Varenum
1515 2508 1610 2546 pro-

133 2546 334 2583 consulem
364 2547 606 2598 detulerunt,
644 2562 760 2599 quem
795 2562 924 2599 nuper
959 2551 1155 2588 aduersus
1186 2550 1364 2588 Bassum
1397 2548 1610 2588 aduoca-

131 2599 238 2635 tum
266 2603 306 2636 et
331 2600 662 2646 postularant
689 2609 728 2641 et
752 2609 1004 2652 acceperant.
1060 2603 1125 2651 52
1153 2600 1358 2640 inducti
1383 2601 1437 2640 in
1466 2613 1609 2641 sena-

132 2653 238 2689 tum
265 2651 574 2700 inquisitionem
599 2666 659 2703 po
671 2657 716 2693 st
726 2655 1018 2696 ulauerunt.
1080 2654 1223 2705 Gierig
1249 2653 1352 2694 cites
1380 2654 1466 2696 Cio.
1487 2654 1604 2696 Verr.

132 2715 167 2742 11
186 2705 208 2753 5
228 2703 291 2743 10.
311 2715 353 2753 p.
373 2703 505 2744 Balbo
526 2708 547 2756 5
568 2708 620 2746 34
647 2707 712 2747 for
730 2708 804 2749 the
822 2720 898 2748 use
917 2708 961 2748 of
979 2709 1153 2759 postulo,
