1823 3000
168 213 224 252 34
768 212 859 256 XX
919 216 1029 258 1-6

848 341 952 387 ΧΧ

409 439 451 481 C.
485 440 703 479 PLINIVS
732 439 937 479 MESSIO
966 440 1188 479 MAXIMO
1219 439 1321 479 SVO
1352 439 1392 480 S.

271 520 605 566 Meministine
629 526 677 566 te
702 536 840 581 saepe
870 521 1038 582 legisse
1073 527 1276 584 quantas
1304 520 1635 567 contentiones

173 598 400 645 excitarit
439 599 520 644 lex
559 599 811 644 tabellaria
856 606 1187 662 quantumque
1232 601 1322 662 ipsi
1368 599 1511 645 latori
1556 599 1636 644 uel

131 709 148 729 2
172 679 350 740 gloriae
373 679 452 724 uel
477 679 857 740 reprehensionis
875 680 1125 726 attulerit?
1191 686 1243 725 at
1256 696 1385 725 nunc
1400 679 1451 723 in
1467 684 1638 724 senatu
1694 678 1721 722 5

173 759 275 803 sine
315 758 415 803 ulla
451 758 744 803 dissensione
783 758 871 804 hoc
905 759 1031 804 idem
1067 765 1123 804 ut
1158 760 1394 820 optimum
1428 758 1638 819 placuit:

175 853 337 882 omnes
361 838 663 882 comitiorum
695 837 771 882 die
799 838 1000 883 tabellas
1034 839 1413 899 postulauerunt.
1486 853 1642 883 exces-

175 931 388 961 seramus
444 932 558 962 sane
613 916 881 962 manifestis
937 918 1034 963 illis
1085 918 1357 979 apertisque
1403 917 1642 978 suffragiis

175 993 419 1038 licentiam
456 994 743 1040 contionum.
816 1011 914 1041 non
949 1001 1138 1057 tempus
1173 996 1413 1057 loquendi,
1448 1012 1546 1041 non
1576 1001 1643 1041 ta-

177 1073 315 1117 cendi
355 1073 599 1131 modestia,
636 1090 731 1118 non
774 1074 978 1135 denique
1014 1075 1209 1120 sedendi
1245 1075 1453 1136 dignitas
1488 1080 1642 1120 custo·
1669 1071 1729 1117 10

179 1153 411 1199 diebatur.
483 1153 645 1214 magni
670 1153 880 1214 undique
896 1154 1169 1214 dissonique
1193 1154 1436 1209 clamores,
1456 1170 1645 1215 procur-

179 1233 350 1277 rebant
385 1248 548 1277 omnes
582 1248 689 1277 cum
726 1233 822 1278 suis
857 1234 1138 1291 candidatis,
1179 1235 1334 1280 multa
1367 1235 1559 1295 agmina
1592 1234 1645 1279 in

179 1311 336 1357 medio
383 1312 620 1373 multique
666 1313 832 1358 circuli
877 1318 925 1358 et
970 1313 1192 1359 indecora
1232 1314 1478 1361 confusio:
1528 1313 1646 1359 adeo

181 1391 532 1437 desciueramus
577 1408 605 1437 a
651 1393 995 1438 consuetudine
1040 1398 1309 1453 parentum,
1353 1392 1481 1454 apud
1526 1407 1646 1452 quos

181 1470 342 1516 onmia
382 1470 611 1531 disposita
647 1472 892 1517 moderata
928 1471 1189 1532 tranquilla
1223 1473 1522 1517 maiestatem
1556 1471 1650 1518 loci
1675 1473 1733 1518 15

183 1551 509 1610 pudoremque
551 1551 836 1597 retinebant.
909 1557 1166 1612 supersunt
1198 1567 1345 1609 senes,
1377 1567 1438 1597 ex
1474 1551 1649 1612 quibus

185 1630 351 1675 audire
376 1629 501 1675 soleo
525 1630 653 1676 hunc
677 1631 894 1676 ordinem
919 1630 1217 1676 comitiorum
1242 1648 1250 1676 :
1286 1632 1433 1676 citato
1456 1630 1650 1676 nomine

185 1706 428 1751 candidati
452 1706 695 1751 silentium
722 1721 961 1750 summum
983 1722 996 1764 3
1031 1707 1219 1752 dicebat
1253 1708 1352 1767 ipse
1375 1722 1461 1767 pro
1485 1723 1547 1764 se,
1574 1723 1651 1752 ex-

185 1786 396 1847 plicabat
431 1786 584 1830 uitam
620 1801 768 1842 suam,
806 1790 954 1830 testes
988 1790 1037 1831 et
1071 1786 1344 1831 laudatores
1378 1786 1536 1845 dabat,
1573 1787 1653 1833 uel

187 1880 297 1909 eum
321 1864 409 1908 sub
433 1879 527 1924 quo
551 1863 845 1909 militauerat
880 1866 958 1910 uel
991 1882 1100 1911 eum
1132 1865 1210 1911 cui
1241 1871 1462 1926 quaestor
1495 1866 1653 1912 fuerat
1676 1868 1738 1914 20

189 1942 269 1987 uel
291 1947 564 2002 utrumque,
594 1943 635 1987 si
665 1949 867 2003 poterat,
895 1945 1101 1990 addebat
1132 1945 1361 2005 quosdam
1397 1961 1458 1990 ex
1488 1945 1655 1990 suffra-

189 2022 466 2082 gatoribus:
512 2022 585 2066 illi
619 2023 832 2083 grauiter
867 2030 916 2069 et
948 2024 1113 2085 paucis
1147 2025 1477 2086 loquebantur.
1547 2025 1656 2086 plus

151 2122 170 2150 e,
192 2102 280 2148 hoc
304 2119 445 2163 quam
470 2118 630 2163 preces
653 2104 887 2164 proderat.
960 2120 1059 2149 non
1085 2121 1348 2165 numquam
1372 2104 1657 2151 candidatus

194 2185 280 2225 aut
319 2179 503 2225 natales
538 2180 864 2240 competitoris
898 2186 984 2226 aut
1019 2197 1168 2226 annos
1203 2186 1289 2226 aut
1323 2181 1468 2226 etiam
1503 2197 1658 2227 mores

195 2260 436 2320 arguebat.
520 2259 747 2304 audiebat
782 2265 976 2305 senatus
1012 2260 1251 2321 grauitate
1297 2261 1520 2308 censoria.
1589 2260 1660 2306 ita
1683 2262 1742 2308 25

277 2397 300 2434 2
330 2394 481 2433 Messio
500 2395 684 2434 Maximo
701 2406 731 2440 p
784 2395 959 2435 MESIO
980 2395 1203 2434 MAXIMO
1233 2399 1324 2436 Prs-
1376 2395 1599 2435 MAXIMO
1619 2398 1662 2435 m

199 2466 296 2501 VDa
350 2461 509 2500 Maesio
531 2461 704 2512 (Maesio
724 2462 908 2501 Maximo
922 2464 955 2511 ⁴2)
974 2463 1165 2501 Riccard.
1185 2464 1233 2500 in
1251 2464 1334 2503 ind.
1360 2463 1413 2501 cf.
1434 2474 1478 2501 1v
1495 2463 1546 2501 25

203 2531 225 2568 5
255 2530 316 2579 at]
345 2529 398 2567 ad
416 2533 495 2569 MV
627 2530 678 2569 20
707 2529 783 2568 sub
803 2541 883 2579 quo
901 2528 1158 2568 militauerat
1175 2533 1321 2576 1³me
1387 2528 1465 2567 sub
1484 2540 1566 2578 quo
1582 2527 1664 2577 leg-

206 2599 301 2635 atus
319 2598 437 2635 MVS-
595 2595 663 2634 cui
682 2600 875 2644 quaestor
893 2599 1066 2635 MVFS‘a
1170 2595 1247 2634 sub
1267 2608 1349 2644 quo
1369 2599 1562 2646 quaestor
1578 2600 1666 2645 Dpr

366 2662 417 2699 22
446 2660 590 2710 paucis
620 2665 815 2702 MVPrs‘a
868 2674 987 2711 parce
1016 2666 1079 2710 Dp
1109 2664 1332 2702 Bercczldus
