1823 3000
105 233 146 281 8]
534 232 790 271 WORSHIP
829 232 899 271 OF
935 231 1142 271 VIRGJL.
1495 230 1569 268 125

103 324 178 362 the
202 326 341 374 peplos
367 325 410 363 of
433 324 632 363 Aristotle
661 324 711 364 cf.
746 323 830 362 Cic.
861 324 946 364 Att.
977 336 1047 362 xvr
1071 325 1120 362 11
1153 325 1436 373 πεπλογραφία
1470 325 1568 362 Var-

103 380 244 429 ronis).
305 378 413 416 Plin.
433 389 540 415 xxxv
558 380 578 425 5
599 378 649 415 10
676 377 712 414 is
737 376 782 414 in
808 377 938 415 doubt
966 377 1152 415 whether
1178 380 1221 415 to
1242 377 1397 414 ascribe
1416 381 1460 414 to
1479 377 1570 414 Asi-

103 429 198 468 nius
214 430 358 476 Polh'o,
372 443 418 468 or
437 434 481 468 to
494 429 772 467 Alexandrine
792 441 837 467 or
856 430 1107 477 Pergameno
1122 430 1257 478 kings,
1274 429 1345 467 the
1360 429 1568 467 introduc-

102 483 194 521 tion
222 483 267 520 of
291 483 377 521 this
406 482 564 521 artistic
591 482 798 520 furniture
826 482 890 520 for
917 483 1117 521 libraries.
1177 484 1266 530 §11
1295 482 1568 530 imaginum

104 547 319 574 amorem
345 536 590 583 flagrasse
619 536 820 584 quondam
839 541 955 573 testes
974 541 1068 573 sunt
1086 537 1246 574 Atticus
1266 537 1336 573 ille
1361 537 1565 573 Ciceronis

103 589 210 626 edito
241 590 289 626 de
319 590 373 626 iis
404 590 621 632 uolumine,
650 589 706 625 M.
733 589 861 625 Varro
891 589 1175 636 benignissimo
1204 591 1368 626 inuento
1398 590 1562 626 insertis

101 643 348 678 uoluminum
376 653 535 678 suorum
554 641 806 688 fecunditati
837 641 1038 678 hominum
1064 641 1307 690 [Detlefsen,
1337 653 1420 679 —um
1446 643 1566 690 mss]

101 695 437 742 septingentorum
464 695 688 731 illustrium
715 695 854 742 aliquo
882 695 995 731 modo
1024 696 1284 743 imayinibus,
1314 707 1394 732 non
1419 707 1565 743 passus

100 747 340 784 intercidere
361 747 523 795 fiyuras
552 752 626 783 (tut
652 752 892 783 uetustatem
921 748 1014 784 aeui
1042 753 1182 785 eontra
1211 749 1385 785 homines
1412 748 1561 794 ualere,

100 800 289 836 inuentor
318 800 492 836 muneris
527 801 650 837 etiam
683 800 745 836 dis
779 800 991 846 inuffliosi,
1035 801 1194 848 quando
1231 802 1566 838 inmortalitatem

98 863 178 888 non
195 853 321 888 solum
338 853 464 896 dedit,
480 853 754 890 verumetiam
773 853 818 889 in
837 864 964 889 omnes
987 858 1113 890 terras
1134 854 1257 895 misit,
1280 859 1324 890 ut
1337 858 1566 902 praesentes

99 916 179 941 esse
198 905 344 952 ubique
365 917 437 942 ceu
456 906 500 942 di
521 905 690 953 [Hertz;
720 905 832 942 cludi
852 906 970 952 mss]
992 911 1166 953 possent.
1225 905 1433 943 Cornutus
1454 905 1564 944 dedi-

98 955 216 994 cated
234 958 277 995 to
299 956 426 995 Silius
446 969 470 996 a
490 957 657 996 treatise
677 970 733 995 on
753 957 884 1006 Virgil
904 957 1080 1007 (Charis.
1103 959 1191 996 100.
1214 959 1288 996 102
1311 958 1429 1007 Keil).

174 1035 202 1074 1.
224 1036 248 1074 4
283 1048 577 1074 VENERABATVR
615 1037 663 1075 15
690 1037 753 1084 §2
775 1038 965 1086 poeticen
1001 1035 1392 1084 religiosissime
1419 1049 1562 1075 uene-

97 1099 186 1128 ror.
246 1101 290 1127 1v
308 1091 359 1127 28
379 1093 399 1138 ἕ
419 1091 442 1127 2
473 1089 534 1138 (of
558 1089 798 1127 Herennius
829 1089 1021 1135 Seuerus,
1052 1089 1146 1128 who
1174 1089 1335 1127 desirecl
1363 1091 1563 1139 portraits

97 1141 142 1179 of
166 1142 302 1190 Nepos
321 1143 406 1180 and
427 1143 473 1181 T.
497 1143 640 1180 Catius
667 1143 731 1180 for
748 1142 816 1180 his
835 1142 1003 1191 library)
1029 1144 1172 1181 deinde
1193 1145 1292 1191 quia
1313 1145 1388 1181 tibi
1409 1145 1562 1182 studio-

95 1207 184 1232 rum
211 1208 365 1233 summa
395 1195 699 1241 reuerentia,
730 1208 903 1234 summus
929 1208 1040 1233 arnor
1061 1198 1341 1243 studiosorum,
1364 1202 1563 1245 postremo

95 1249 199 1296 quod
220 1251 404 1297 patriam
433 1249 867 1288 tuam...ueneraris.
926 1259 970 1285 v1
991 1250 1038 1288 17
1059 1251 1079 1296 ἕ
1100 1250 1123 1286 5
1151 1262 1280 1287 omnes
1301 1251 1372 1298 qui
1399 1250 1564 1298 aliquid

94 1303 140 1338 in
157 1302 305 1339 studiis
317 1302 486 1350 faciunt
504 1301 739 1339 uenerari
759 1303 884 1339 etiam
906 1303 1128 1350 mirarique
1155 1303 1272 1340 soleo.
1328 1314 1389 1340 vn
1410 1304 1460 1340 25
1482 1304 1502 1350 ξ
1526 1303 1561 1340 1.

94 1354 144 1390 31
165 1356 185 1402 ξ
204 1355 228 1392 5
247 1355 726 1394 studia...ueneratur.
759 1366 858 1403 pan.
880 1355 930 1392 28
949 1366 1011 1403 pr.
1033 1356 1083 1392 33
1104 1355 1133 1393 f.

170 1444 341 1471 VERGILI
364 1445 470 1471 ANTE
495 1446 634 1472 OMNES
662 1434 689 1474 1.
716 1435 737 1472 1
757 1447 800 1472 11.
857 1435 980 1473 Mart.
1001 1447 1046 1473 XI
1064 1436 1114 1475 49
1144 1437 1226 1473 iam
1240 1448 1364 1485 prope
1386 1437 1560 1475 desertos

93 1484 288 1524 cineres
317 1488 363 1524 et
391 1494 568 1526 sancta
597 1488 822 1526 Maronis
847 1488 851 1539 Ι
877 1488 1082 1526 nomina
1111 1489 1197 1537 qui
1225 1489 1425 1536 coleret,
1454 1502 1559 1538 pau-

85 1551 163 1588 per
182 1545 220 1577 et
238 1551 341 1577 unus
360 1546 462 1578 erat.
491 1539 496 1591 Ι
522 1540 680 1579 Silius
701 1544 902 1589 optatae
924 1553 1211 1579 succurrere
1237 1542 1435 1580 censuit
1464 1555 1559 1581 um-

93 1591 220 1638 brae,
249 1591 254 1642 Ι
281 1594 413 1630 Silius
433 1599 472 1631 et
490 1600 624 1632 uatem
642 1607 721 1632 non
739 1596 870 1632 minus
892 1595 924 1643 [?
938 1594 1091 1642 minor]
1113 1597 1196 1643 ipse
1219 1596 1327 1632 tulit.
1385 1607 1450 1633 see
1468 1596 1558 1634 Iuv.

91 1643 176 1682 ind.
202 1646 349 1692 Viryil.
371 1645 454 1683 and
472 1658 532 1684 vn
552 1648 629 1687 227
648 1659 691 1684 n.
732 1647 907 1694 Quintil.
928 1659 954 1684 x
975 1648 995 1684 1
1017 1649 1037 1694 g
1057 1649 1106 1685 85
1127 1660 1168 1684 n.
1218 1647 1312 1693 Sen.
1339 1659 1400 1696 ep.
1427 1650 1476 1686 58
1496 1651 1514 1696 ἓ
1535 1650 1558 1687 5

94 1697 215 1743 (after
233 1697 374 1735 verbal
393 1698 615 1737 criticisms
644 1711 699 1737 on
718 1700 864 1749 virgil)
890 1713 970 1738 non
989 1701 1035 1738 id
1061 1713 1136 1748 ayo
1162 1713 1266 1738 nunc
1288 1702 1362 1738 hac
1387 1702 1558 1750 diliyen-

91 1751 165 1797 tia,
197 1755 243 1787 ut
263 1752 480 1800 ostendam,
514 1758 710 1801 quantum
731 1759 880 1802 tempus
905 1754 1014 1802 apud
1041 1756 1347 1801 qrammaticum
1367 1756 1556 1803 perdide-

90 1804 180 1847 rim,
200 1804 269 1841 sed
286 1809 332 1841 ut
352 1816 400 1841 ex
422 1805 492 1843 hoc
517 1807 742 1854 intellesyas,
777 1812 969 1855 quantum
997 1807 1107 1854 apud
1125 1808 1306 1844 Ennium
1332 1813 1371 1845 et
1390 1810 1558 1846 Accium

89 1856 295 1894 uerborum
312 1858 414 1895 silus
437 1861 709 1906 occupaueru,
739 1871 827 1896 cum
855 1860 966 1907 apud
994 1861 1097 1897 hunc
1129 1872 1296 1908 quoque,
1330 1860 1413 1908 qui
1441 1861 1557 1900 coti-

90 1907 168 1947 die
195 1909 465 1956 excutitur,
495 1912 640 1960 aliqua
659 1913 772 1950 nobis
792 1913 990 1950 subducta
1008 1914 1104 1951 sint.

166 1988 192 2028 L
220 1990 243 2027 5
271 2001 460 2028 NATALEM
487 1991 578 2028 Iuv.
606 2003 634 2029 v
661 1993 712 2032 37
731 2005 771 2032 n.
808 1992 891 2031 and
923 1992 1008 2030 ind.
1040 1995 1208 2031 natalis.
1265 1993 1389 2032 Mart.
1419 2006 1481 2032 xn
1506 1995 1556 2036 67

88 2041 228 2080 Maiae
247 2043 492 2081 Mercurium
513 2046 680 2082 creastis
699 2047 804 2083 idus.
829 2045 837 2096 1
860 2047 1054 2094 Augustis
1072 2048 1179 2084 redit
1206 2047 1339 2084 idibus
1365 2049 1519 2087 Diam.
1547 2048 1552 2099 Ι

89 2093 327 2133 Octobres
355 2096 490 2134 Maro
519 2098 836 2136 consecrauit
856 2098 976 2138 idus.
1008 2098 1012 2146 Ι
1039 2100 1130 2136 idus
1153 2112 1269 2148 saepe
1293 2101 1399 2138 colas
1423 2107 1462 2138 et
1483 2102 1554 2138 has

88 2151 127 2184 et
151 2148 261 2195 illas,
292 2147 297 2199 Ι
322 2148 403 2196 qui
430 2150 596 2195 magni
624 2151 847 2189 celebras
876 2151 1096 2190 Maronis
1125 2151 1250 2190 idus.
1307 2154 1463 2193 Auson.
1493 2153 1547 2193 id.

87 2199 111 2236 5
133 2199 181 2237 23
212 2199 446 2240 Octobres
475 2204 570 2240 olim
591 2203 790 2252 genitus
819 2204 955 2243 Maro
983 2204 1181 2243 dedicat
1208 2205 1328 2244 idus.

166 2291 426 2321 RELIG10S1vs
456 2284 505 2321 15
533 2285 596 2331 §2
625 2283 732 2322 cited
761 2297 814 2322 on
841 2285 867 2323 1.
889 2285 925 2322 4.
985 2296 1092 2329 QVAM
1122 2297 1227 2323 svnt
1254 2285 1345 2323 IuV.
1373 2296 1435 2323 ΧΗ
1465 2286 1487 2324 1
1507 2298 1548 2325 11.

87 2333 261 2378 natali,
303 2336 487 2383 Coruine,
531 2336 610 2374 die
649 2339 751 2375 mihi
789 2337 986 2376 dulcior
1017 2337 1136 2376 haec
1174 2338 1268 2376 lux.
1326 2338 1429 2376 Hor.
1450 2351 1484 2378 c.
1509 2351 1553 2377 1v

88 2387 136 2424 11
157 2387 208 2426 17
227 2387 277 2424 18
307 2387 394 2435 (the
412 2387 610 2438 birthday
628 2390 673 2427 of
689 2390 926 2439 Maecenas)
955 2392 1044 2428 iure
1064 2392 1264 2428 sollemnis
1283 2392 1386 2428 mihi
1415 2403 1549 2430 sanc-

85 2437 279 2487 tiorque
302 2438 307 2490 Ι
326 2453 456 2488 paene
501 2442 664 2480 natali
709 2443 923 2492 proprio.
985 2443 1401 2490 Becker-Marquardt
1437 2457 1464 2482 v
1495 2444 1548 2497 (1)

85 2491 191 2582 {56il
225 2492 476 2582 ffarquardt
498 2494 757 2534 StaatsverW.
779 2508 832 2534 111
853 2497 940 2536 125.
1001 2496 1067 2534 On
1086 2495 1158 2534 the
1176 2495 1392 2545 birthdays
1412 2497 1456 2535 of
1476 2497 1551 2537 the

114 2556 162 2583 ea
209 2543 224 2582 i
257 2573 266 2582 .
286 2546 376 2584 299.

162 2618 190 2659 1.
214 2619 238 2657 6
266 2630 442 2657 NEArom
468 2622 489 2668 §
510 2620 531 2658 1
551 2620 579 2661 1,
603 2622 627 2660 5
646 2633 687 2661 n.
747 2633 1033 2660 nomm-nutum
1054 2632 1149 2661 mvs
1170 2634 1296 2660 ADIRE
1325 2622 1549 2672 Capitolin.

83 2671 285 2711 Antonin.
307 2671 409 2720 phil.
433 2674 457 2711 3
477 2675 498 2722 ἓ
516 2675 540 2712 5
562 2679 719 2713 tantum
738 2681 872 2714 autem
893 2676 1052 2714 honoris
1071 2677 1279 2725 mayistris
1297 2678 1383 2716 suis
1402 2678 1550 2718 detulit
