1823 3000
214 225 265 264 94
477 223 810 265 PRONVNTIO.
869 224 1123 266 AMPLIVS.
1183 225 1411 266 VERSVS.
1556 226 1610 277 [V
1629 227 1679 265 12

213 317 426 367 inscriptio
458 317 678 362 comoedus,
715 318 763 355 in
794 329 875 366 qua
906 318 1131 366 plurimum
1158 319 1284 368 facit.
1339 331 1434 357 nam
1460 330 1678 367 pronun-

213 369 312 408 tiat
342 371 493 408 acriter
519 371 725 419 sapienter
751 375 855 418 apte,
887 370 1070 409 decenter
1098 372 1221 409 etiam
1230 386 1246 416 ;
1288 373 1424 409 utitur
1450 377 1489 410 et
1515 373 1678 411 cithara

208 424 356 472 perite,
391 423 504 460 ultra
536 434 658 471 quam
692 423 875 461 comoedo
912 434 1067 461 necesse
1103 429 1174 462 est.
1229 425 1336 462 idem
1365 430 1447 462 tam
1483 426 1678 464 commode

214 476 415 514 orationes
445 480 485 513 et
515 475 707 513 historias
740 480 779 512 et
808 476 990 514 carmina
1023 476 1135 525 leqit,
1162 482 1210 514 ut
1236 477 1308 515 hoc
1332 478 1461 515 solum
1487 477 1678 516 didicisse

213 529 418 566 uideatur.
477 529 498 575 §
527 527 550 565 6
588 533 683 566 ante
715 529 875 575 aliquot
906 540 1047 574 annos,
1081 530 1175 567 dum
1209 530 1362 567 intente
1399 531 1678 579 instanterque

214 579 531 630 pronuntiat,
574 581 814 629 sanquinem
851 582 994 619 reiecit
1025 586 1146 630 atque
1177 583 1225 620 ob
1264 583 1334 620 hoc
1371 583 1418 620 in
1452 584 1679 632 Aeqyptum

214 635 356 671 missus
390 645 417 670 a
445 645 504 670 me
535 638 630 682 post
667 633 826 681 longam
854 634 1223 682 pereqrinationem
1259 635 1516 685 confirmatus
1551 635 1679 674 rediit

214 698 343 735 nuper
352 700 367 730 ;
400 686 541 723 deinde
561 686 656 724 dum
676 697 752 735 per
770 687 978 724 continuos
999 687 1084 724 dies
1104 688 1223 724 nimis
1243 689 1414 736 imperat
1437 688 1542 735 uoci,
1570 693 1677 726 uete-

215 740 273 777 ris
295 739 547 787 infirmitatis
577 738 776 776 tussicula
801 739 1030 777 admonitus
1057 751 1196 777 rursus
1223 741 1460 789 sanquinem
1483 741 1675 779 reddidit.

215 793 258 839 ἐξ
278 792 394 831 7-9,
450 791 513 828 Pl.
544 793 636 829 sent
660 789 751 828 him
769 792 814 829 to
837 803 862 829 a
889 791 1059 829 fi‘iend's
1087 793 1221 830 estate
1248 792 1385 831 where
1412 792 1484 830 the
1511 793 1679 831 climate

215 855 300 882 was
323 842 557 882 salubrious
575 842 661 881 and
688 845 750 882 lac
776 845 863 882 eius
889 845 997 882 modi
1020 846 1298 883 curationibus
1317 846 1678 884 accommodatissi-

215 909 333 934 mum.
388 907 432 934 tx
450 898 501 935 34
521 898 542 944 ξ
562 897 585 934 1
610 895 744 945 Being
768 896 857 936 told
881 896 975 935 that
999 896 1021 934 Ι
1044 896 1174 935 recite
1191 909 1331 935 verses
1355 898 1416 946 ill,
1446 898 1469 936 I
1493 897 1617 936 think
1638 897 1683 936 of

219 948 458 998 employing
490 961 515 987 a
547 948 763 987 freedman
795 949 860 987 for
888 949 961 987 the
990 961 1189 998 purpose;
1217 950 1270 987 he
1300 963 1398 999 may
1424 950 1603 1000 perhaps
1630 950 1680 989 be

217 1002 308 1051 shy.
363 1003 428 1050 §2
456 1003 540 1051 ipse
567 1004 700 1040 nescio
729 1003 839 1052 quid(
855 1004 928 1040 illo
958 1004 1110 1052 leyente
1137 1004 1302 1041 interim
1325 1005 1497 1054 faciam,
1524 1005 1681 1042 sedeam

216 1056 371 1105 defixus
390 1060 430 1093 et
448 1061 579 1093 mutus
599 1060 638 1093 et
654 1056 802 1094 similis
821 1057 960 1103 otioso,
983 1068 1051 1101 an,
1071 1061 1118 1093 ut
1137 1056 1314 1105 quidam,
1339 1068 1440 1106 quae
1467 1068 1679 1105 pronun-

215 1108 372 1147 tiabit
398 1120 595 1147 murmure
622 1109 751 1147 oculis
777 1120 901 1146 manu
920 1120 1157 1158 prosequar.
1215 1108 1281 1146 On
1303 1110 1588 1157 pronuntiatio
1618 1112 1681 1158 (or

216 1163 324 1200 actio
344 1159 553 1212 ὑπόκρισις)
576 1172 643 1199 see
663 1159 839 1209 Quintil.
856 1172 900 1198 n
919 1161 956 1200 3.
999 1173 1026 1198 x
1049 1162 1068 1198 1
1089 1162 1107 1207 ξ
1124 1161 1173 1200 17
1192 1173 1233 1199 n.
1255 1160 1339 1199 and
1352 1161 1533 1200 Bonnell
1548 1161 1682 1199 under

219 1215 372 1259 -tiatio‚
405 1216 494 1252 -tio.
551 1213 604 1252 ad
631 1213 821 1251 Herenn.
847 1225 900 1250 111
928 1215 971 1261 ἓξ
1000 1214 1171 1254 19-27,
1229 1213 1344 1251 Suet.
1374 1226 1433 1262 gr.
1458 1215 1497 1252 2.
1552 1214 1681 1252 Halm

215 1266 322 1305 rhet.
345 1267 420 1305 lat.
441 1266 544 1305 min.
564 1265 651 1305 ind.
673 1265 936 1304 Volokmann
958 1265 1027 1304 die
1052 1265 1257 1304 Rhetorik
1277 1265 1349 1304 der
1369 1265 1575 1304 Grieohen
1594 1266 1682 1304 und

217 1319 372 1358 Bomer
391 1320 616 1359 485-493,
672 1319 811 1367 Nepos
830 1331 912 1358 xxv
931 1319 953 1357 1
974 1320 995 1367 ἓ
1015 1319 1052 1357 3.
1081 1319 1107 1356 4
1126 1321 1147 1367 ς
1168 1320 1205 1357 1.

295 1394 325 1432 l.
352 1396 376 1432 8
419 1404 646 1432 REVOCASSE
701 1393 730 1431 1.
751 1393 803 1431 10
840 1403 1074 1431 REVOCABAS
1117 1391 1201 1430 Cic.
1239 1392 1328 1430 Liv.
1366 1392 1461 1430 VM.
1499 1393 1545 1431 in
1577 1393 1680 1432 len.

217 1446 299 1486 add
316 1447 412 1485 VM.
433 1458 466 1484 11
485 1448 511 1484 4
530 1449 550 1494 ς
569 1447 594 1484 4
616 1446 674 1499 (in
692 1445 812 1485 these
829 1457 1027 1496 passages
1045 1445 1079 1483 it
1097 1457 1242 1484 means
1267 1448 1336 1484 ‘to
1355 1446 1520 1485 encore'
1545 1458 1570 1485 a
1594 1457 1682 1495 per-

220 1512 296 1539 son
315 1512 361 1538 or
381 1512 405 1538 a
423 1498 629 1552 passage).

245 1628 279 1665 ’b
294 1573 324 1611 1.
359 1573 382 1613 9
423 1584 568 1611 Nemus
610 1571 762 1622 surely.
819 1571 869 1611 16
897 1573 975 1621 §3-
1030 1583 1256 1610 Anmssm
1282 1583 1381 1620 pan.
1411 1573 1461 1612 78
1486 1571 1517 1610 f.
1544 1575 1682 1622 optan-

219 1633 250 1666 ti
281 1639 339 1665 us.

297 1701 326 1738 1.
348 1700 398 1738 10
425 1711 603 1738 AMPLIVS
634 1698 813 1738 without
841 1711 963 1750 quam
989 1710 1016 1736 v
1043 1701 1066 1740 7
1095 1700 1171 1747 §3.
1232 1698 1340 1738 Vell.
1368 1710 1404 1737 11
1434 1700 1485 1738 20
1513 1699 1578 1748 §4
1607 1705 1683 1739 tre-

217 1759 347 1793 centes
384 1753 605 1801 amplius
639 1754 832 1791 cohortes.
887 1752 939 1790 24
971 1754 992 1800 ς
1021 1753 1045 1790 3
1081 1753 1200 1790 milia
1235 1753 1408 1790 ducenta
1445 1752 1682 1802 amplius.

218 1808 322 1855 Nep.
342 1818 451 1844 xxm
470 1807 493 1843 2
513 1808 533 1854 ξ
553 1807 576 1844 3
600 1807 772 1855 puerulo
797 1817 992 1845 me...non
1021 1804 1239 1853 amplius
1266 1817 1407 1843 nouem
1425 1817 1551 1844 annos
1569 1811 1680 1845 nato.

221 1860 376 1908 Zumpt
396 1861 416 1906 ἓ
436 1860 528 1897 485.
583 1858 716 1896 Heus.
737 1870 793 1896 on
822 1858 926 1906 Nep.
953 1869 1061 1895 xvur
1090 1859 1114 1897 9
1140 1859 1219 1905 §2.
1273 1857 1320 1898 L.
1345 1857 1493 1896 Dietze
1523 1858 1574 1896 de
1603 1870 1683 1897 ser-

219 1924 345 1950 mone
366 1912 600 1950 Catoniano
621 1910 851 1960 (Tanglimi
872 1911 990 1962 1870)
1018 1911 1071 1948 34
1100 1910 1206 1948 Cato
1231 1910 1386 1960 always
1411 1910 1539 1950 omits
1565 1923 1684 1961 quam

221 1968 270 2014 (r.
290 1977 323 2002 r.
344 1966 407 2004 45.
432 1966 497 2004 49.
520 1965 607 2004 113.
632 1975 703 2013 pp.
726 1964 774 2001 11
797 1965 858 2004 18.
885 1965 936 2001 24
955 1965 993 2003 9.
1014 1964 1066 2001 48
1084 1964 1110 2001 4
1129 1962 1318 2012 Jordan).

298 2042 453 2070 vnnsvs
482 2029 633 2068 ‘lines’
652 2030 698 2069 of
721 2041 843 2080 prose
871 2041 916 2068 Π
934 2030 1024 2078 115
1045 2029 1094 2068 16
1122 2041 1192 2077 eqo
1219 2041 1299 2067 non
1319 2031 1497 2079 paqinas
1527 2035 1685 2068 tantum

219 2085 289 2124 sed
319 2086 442 2122 etiam
477 2095 656 2122 uersus
692 2084 950 2133 syllabasque
983 2084 1212 2120 numerabo.
1269 2081 1335 2120 On
1362 2081 1435 2120 the
1472 2084 1602 2131 στίχοι
1638 2094 1684 2120 or

219 2149 356 2176 uersus
375 2137 431 2185 by
449 2135 588 2174 which
605 2135 679 2174 the
697 2135 844 2184 length
864 2135 908 2173 of
923 2135 1056 2173 works
1075 2146 1159 2173 was
1179 2134 1400 2183 computed
1419 2146 1484 2173 see
1505 2135 1682 2183 Quintil.

220 2201 250 2229 x
269 2190 291 2227 1
311 2191 332 2238 §
352 2191 402 2228 38
421 2201 460 2228 n.
487 2188 591 2227 with
609 2188 773 2226 Bitsehl
800 2187 883 2226 and
900 2187 1024 2226 Blass
1049 2187 1166 2225 there
1191 2187 1315 2226 cited.
1370 2187 1470 2226 Also
1494 2187 1621 2226 Blass
1638 2187 1683 2225 in

220 2242 302 2281 Bh.
337 2242 447 2280 Mus.
481 2253 609 2280 xmv
646 2239 780 2292 (1879)
824 2239 1046 2280 214-236.
1104 2239 1383 2278 Waohsmuth
1419 2240 1475 2278 ib.
1513 2241 1682 2279 38—51.

220 2296 392 2334 481—-4.
421 2306 504 2343 esp.
529 2295 580 2332 E.
598 2294 740 2332 Graux
757 2293 802 2331 in
820 2305 945 2332 revue
965 2293 1014 2331 de
1032 2292 1257 2342 philologio
1275 2304 1310 2330 11
1333 2293 1465 2343 (1878)
1487 2293 1682 2333 97-143.

222 2348 304 2386 add
321 2350 366 2386 to
385 2360 476 2386 exx.
498 2347 605 2385 Gell.
625 2358 669 2384 rx
689 2347 738 2385 15
757 2348 779 2395 g
799 2347 861 2385 10.
917 2345 1023 2383 Vitr.
1043 2357 1070 2383 v
1087 2356 1148 2394 pr.
1170 2347 1190 2392 ἓ
1210 2347 1245 2384 3.
1295 2346 1355 2384 Pl.
1380 2345 1424 2383 h.
1444 2358 1485 2384 n.
1504 2357 1587 2383 xxx
1604 2347 1625 2394 ἓ
1643 2347 1682 2383 4.

221 2401 330 2450 Hyg.
350 2412 391 2449 p.
412 2413 450 2439 a.
472 2412 488 2437 1
506 2411 570 2449 pr.
590 2412 631 2449 p.
655 2399 705 2443 21
726 2399 755 2437 1.
776 2400 826 2437 22
845 2399 894 2436 Β.
924 2399 1083 2448 [Cypn]
1104 2410 1198 2446 app.
1219 2410 1260 2446 p.
1283 2398 1360 2436 256
1386 2400 1424 2436 8.
1447 2398 1524 2437 266
1550 2399 1574 2437 6
1600 2397 1684 2436 and

223 2457 259 2495 7.
290 2454 368 2492 268
387 2454 437 2491 21
458 2454 507 2490 23
528 2454 592 2491 25.
650 2452 767 2490 Hier.
788 2463 849 2500 ep.
870 2453 920 2490 35
941 2453 980 2489 2.
1001 2452 1052 2489 84
1072 2452 1135 2488 11.
1167 2451 1242 2488 106
1263 2453 1286 2490 9
1318 2450 1420 2488 with
1447 2450 1604 2489 Bened.
1635 2462 1678 2490 n.

221 2506 277 2546 id.
314 2506 436 2545 catal.
473 2507 562 2545 117.
589 2506 666 2544 126
697 2504 826 2554 praef.
856 2504 903 2542 in
934 2503 1108 2553 paralip.
1165 2503 1298 2541 Barth
1326 2515 1381 2541 on
1408 2503 1569 2542 Paulin.
1600 2503 1678 2542 uit.

223 2559 348 2597 Mart.
367 2570 403 2597 Π
436 2560 500 2599 78.
569 2558 683 2596 Beda
716 2557 819 2596 hist.
849 2556 942 2595 abb.
973 2557 1049 2595 301
1069 2556 1133 2595 24.
1208 2556 1421 2594 Scrivener
1456 2555 1609 2595 introd.
1639 2559 1684 2594 to

223 2611 313 2650 crit.
335 2612 379 2649 of
402 2611 454 2650 N.
472 2610 542 2652 ΤΕ
561 2609 649 2650 ind.
670 2611 945 2660 stichometry.
1003 2608 1178 2649 Schiifer
1205 2609 1309 2646 cites
1337 2609 1456 2647 Voss.
1486 2608 1537 2648 de
1562 2608 1682 2647 uitiis

225 2676 346 2704 serm.
369 2675 386 2702 1
404 2665 470 2703 26.
