<?xml version="1.0" encoding="UTF-8"?>
<!DOCTYPE html PUBLIC "-//W3C//DTD XHTML 1.0 Transitional//EN"
    "http://www.w3.org/TR/xhtml1/DTD/xhtml1-transitional.dtd">
<html xmlns="http://www.w3.org/1999/xhtml" xml:lang="en" lang="en">
 <head>
  <title>
</title>
<meta http-equiv="Content-Type" content="text/html;charset=utf-8" />
  <meta name='ocr-system' content='tesseract 3.04.00' />
  <meta name='ocr-capabilities' content='ocr_page ocr_carea ocr_par ocr_line ocrx_word'/>
</head>
<body>
  <div class='ocr_page' id='page_1' title='image "./lettersbookiii00plinuoft/lettersbookiii00plinuoft_0074.png"; bbox 0 0 1823 3000; ppageno 0'>
   <div class='ocr_carea' id='block_1_1' title="bbox 158 221 1111 266">
    <p class='ocr_par' dir='ltr' id='par_1_1' title="bbox 158 221 1111 266">
     <span class='ocr_line' id='line_1_1' title="bbox 158 221 1111 266; baseline 0.006 -6"><span class='ocrx_word' id='word_1_1' title='bbox 158 221 214 261; x_wconf 78' lang='lat'>24</span> <span class='ocrx_word' id='word_1_2' title='bbox 685 222 782 264; x_wconf 86' lang='lat' dir='ltr'>XII</span> <span class='ocrx_word' id='word_1_3' title='bbox 845 222 1053 266; x_wconf 87' lang='lat' dir='ltr'>l—XIII</span> <span class='ocrx_word' id='word_1_4' title='bbox 1085 227 1111 265; x_wconf 82' lang='lat'><strong>2</strong></span> 
     </span>
    </p>
   </div>
   <div class='ocr_carea' id='block_1_2' title="bbox 841 352 953 397">
    <p class='ocr_par' dir='ltr' id='par_1_2' title="bbox 841 352 953 397">
     <span class='ocr_line' id='line_1_2' title="bbox 841 352 953 397; baseline 0.009 -1"><span class='ocrx_word' id='word_1_5' title='bbox 841 352 953 397; x_wconf 90' lang='lat' dir='ltr'>XII</span> 
     </span>
    </p>
   </div>
   <div class='ocr_carea' id='block_1_3' title="bbox 379 454 1422 498">
    <p class='ocr_par' dir='ltr' id='par_1_3' title="bbox 379 454 1422 498">
     <span class='ocr_line' id='line_1_3' title="bbox 379 454 1422 498; baseline 0.002 -4"><span class='ocrx_word' id='word_1_6' title='bbox 379 454 423 495; x_wconf 89' lang='lat' dir='ltr'>C.</span> <span class='ocrx_word' id='word_1_7' title='bbox 466 455 692 496; x_wconf 77' lang='lat' dir='ltr'><strong>PLINIVS</strong></span> <span class='ocrx_word' id='word_1_8' title='bbox 730 456 953 497; x_wconf 79' lang='lat' dir='ltr'>CATILIO</span> <span class='ocrx_word' id='word_1_9' title='bbox 991 458 1211 498; x_wconf 86' lang='lat' dir='ltr'><strong>SEVERO</strong></span> <span class='ocrx_word' id='word_1_10' title='bbox 1246 458 1349 498; x_wconf 78' lang='lat' dir='ltr'>SVO</span> <span class='ocrx_word' id='word_1_11' title='bbox 1380 458 1422 498; x_wconf 89' lang='lat' dir='ltr'>S.</span> 
     </span>
    </p>
   </div>
   <div class='ocr_carea' id='block_1_4' title="bbox 120 535 1723 1552">
    <p class='ocr_par' dir='ltr' id='par_1_4' title="bbox 120 535 1723 1552">
     <span class='ocr_line' id='line_1_4' title="bbox 258 535 1635 601; baseline 0.004 -20"><span class='ocrx_word' id='word_1_12' title='bbox 258 535 468 582; x_wconf 85' lang='lat' dir='ltr'>Veniam</span> <span class='ocrx_word' id='word_1_13' title='bbox 492 537 555 582; x_wconf 87' lang='lat' dir='ltr'>ad</span> <span class='ocrx_word' id='word_1_14' title='bbox 578 553 769 583; x_wconf 89' lang='lat' dir='ltr'>cenam:</span> <span class='ocrx_word' id='word_1_15' title='bbox 794 538 877 583; x_wconf 87' lang='lat' dir='ltr'>sed</span> <span class='ocrx_word' id='word_1_16' title='bbox 900 539 997 584; x_wconf 89' lang='lat' dir='ltr'>iam</span> <span class='ocrx_word' id='word_1_17' title='bbox 1021 555 1151 585; x_wconf 90' lang='lat' dir='ltr'>nunc</span> <span class='ocrx_word' id='word_1_18' title='bbox 1175 540 1385 601; x_wconf 88' lang='lat' dir='ltr'>paciscor</span> <span class='ocrx_word' id='word_1_19' title='bbox 1409 540 1474 585; x_wconf 86' lang='lat' dir='ltr'>sit</span> <span class='ocrx_word' id='word_1_20' title='bbox 1497 555 1635 601; x_wconf 85' lang='lat' dir='ltr'>expe-</span> 
     </span>
     <span class='ocr_line' id='line_1_5' title="bbox 161 615 1632 677; baseline 0.003 -17"><span class='ocrx_word' id='word_1_21' title='bbox 161 615 276 674; x_wconf 85' lang='lat' dir='ltr'>dita,</span> <span class='ocrx_word' id='word_1_22' title='bbox 303 615 368 661; x_wconf 88' lang='lat' dir='ltr'>sit</span> <span class='ocrx_word' id='word_1_23' title='bbox 390 632 546 677; x_wconf 90' lang='lat' dir='ltr'>parca,</span> <span class='ocrx_word' id='word_1_24' title='bbox 574 616 828 662; x_wconf 79' lang='lat' dir='ltr'>Socraticis</span> <span class='ocrx_word' id='word_1_25' title='bbox 851 622 1046 663; x_wconf 88' lang='lat' dir='ltr'>tantum</span> <span class='ocrx_word' id='word_1_26' title='bbox 1070 619 1371 664; x_wconf 81' lang='lat' dir='ltr'>sermonibus</span> <span class='ocrx_word' id='word_1_27' title='bbox 1404 619 1632 676; x_wconf 76' lang='lat' dir='ltr'><strong>abundet,</strong></span> 
     </span>
     <span class='ocr_line' id='line_1_6' title="bbox 120 695 1718 756; baseline 0.003 -16"><span class='ocrx_word' id='word_1_28' title='bbox 120 714 137 734; x_wconf 89' lang='lat'>2</span> <span class='ocrx_word' id='word_1_29' title='bbox 159 695 212 740; x_wconf 88' lang='lat' dir='ltr'>in</span> <span class='ocrx_word' id='word_1_30' title='bbox 235 695 311 740; x_wconf 90' lang='lat' dir='ltr'>his</span> <span class='ocrx_word' id='word_1_31' title='bbox 335 712 524 756; x_wconf 89' lang='lat' dir='ltr'>quoque</span> <span class='ocrx_word' id='word_1_32' title='bbox 548 701 711 742; x_wconf 87' lang='lat' dir='ltr'>teneat</span> <span class='ocrx_word' id='word_1_33' title='bbox 733 697 941 743; x_wconf 87' lang='lat' dir='ltr'>modum.</span> <span class='ocrx_word' id='word_1_34' title='bbox 991 703 1136 743; x_wconf 88' lang='lat' dir='ltr'>erunt</span> <span class='ocrx_word' id='word_1_35' title='bbox 1158 699 1311 744; x_wconf 87' lang='lat' dir='ltr'>officia</span> <span class='ocrx_word' id='word_1_36' title='bbox 1333 699 1633 756; x_wconf 87' lang='lat' dir='ltr'>antelucana,</span> <span class='ocrx_word' id='word_1_37' title='bbox 1693 706 1718 751; x_wconf 90' lang='lat'>5</span> 
     </span>
     <span class='ocr_line' id='line_1_7' title="bbox 159 773 1636 837; baseline 0.003 -21"><span class='ocrx_word' id='word_1_38' title='bbox 159 773 212 816; x_wconf 90' lang='lat' dir='ltr'>in</span> <span class='ocrx_word' id='word_1_39' title='bbox 236 787 358 833; x_wconf 87' lang='lat' dir='ltr'>quae</span> <span class='ocrx_word' id='word_1_40' title='bbox 381 773 590 818; x_wconf 81' lang='lat' dir='ltr'>incidere</span> <span class='ocrx_word' id='word_1_41' title='bbox 613 773 794 834; x_wconf 89' lang='lat' dir='ltr'>inpune</span> <span class='ocrx_word' id='word_1_42' title='bbox 819 790 880 820; x_wconf 89' lang='lat' dir='ltr'>ne</span> <span class='ocrx_word' id='word_1_43' title='bbox 904 774 1077 820; x_wconf 80' lang='lat' dir='ltr'>Catoni</span> <span class='ocrx_word' id='word_1_44' title='bbox 1102 775 1296 836; x_wconf 86' lang='lat' dir='ltr'>quidem</span> <span class='ocrx_word' id='word_1_45' title='bbox 1319 776 1471 833; x_wconf 89' lang='lat' dir='ltr'>licuit,</span> <span class='ocrx_word' id='word_1_46' title='bbox 1493 792 1636 837; x_wconf 88' lang='lat' dir='ltr'>quem</span> 
     </span>
     <span class='ocr_line' id='line_1_8' title="bbox 161 853 1637 914; baseline 0.001 -16"><span class='ocrx_word' id='word_1_47' title='bbox 161 859 324 899; x_wconf 89' lang='lat' dir='ltr'>tamen</span> <span class='ocrx_word' id='word_1_48' title='bbox 348 853 399 899; x_wconf 84' lang='lat' dir='ltr'>C.</span> <span class='ocrx_word' id='word_1_49' title='bbox 428 853 603 900; x_wconf 82' lang='lat' dir='ltr'>Caesar</span> <span class='ocrx_word' id='word_1_50' title='bbox 637 854 707 899; x_wconf 86' lang='lat' dir='ltr'>ita</span> <span class='ocrx_word' id='word_1_51' title='bbox 730 854 1052 914; x_wconf 76' lang='lat' dir='ltr'>reprehendit,</span> <span class='ocrx_word' id='word_1_52' title='bbox 1079 861 1137 900; x_wconf 91' lang='lat' dir='ltr'>ut</span> <span class='ocrx_word' id='word_1_53' title='bbox 1159 855 1337 902; x_wconf 89' lang='lat' dir='ltr'>laudet.</span> <span class='ocrx_word' id='word_1_54' title='bbox 1408 855 1637 901; x_wconf 74' lang='lat' dir='ltr'>describit</span> 
     </span>
     <span class='ocr_line' id='line_1_9' title="bbox 159 933 1636 996; baseline 0.002 -18"><span class='ocrx_word' id='word_1_55' title='bbox 159 933 289 979; x_wconf 78' lang='lat' dir='ltr'>enim</span> <span class='ocrx_word' id='word_1_56' title='bbox 312 949 390 979; x_wconf 90' lang='lat' dir='ltr'>eos</span> <span class='ocrx_word' id='word_1_57' title='bbox 414 934 590 995; x_wconf 83' lang='lat' dir='ltr'>quibus</span> <span class='ocrx_word' id='word_1_58' title='bbox 609 935 780 981; x_wconf 88' lang='lat' dir='ltr'>obuius</span> <span class='ocrx_word' id='word_1_59' title='bbox 804 935 965 992; x_wconf 86' lang='lat' dir='ltr'>fuerit,</span> <span class='ocrx_word' id='word_1_60' title='bbox 993 952 1102 981; x_wconf 89' lang='lat' dir='ltr'>cum</span> <span class='ocrx_word' id='word_1_61' title='bbox 1127 940 1273 996; x_wconf 86' lang='lat' dir='ltr'>caput</span> <span class='ocrx_word' id='word_1_62' title='bbox 1295 936 1417 981; x_wconf 88' lang='lat' dir='ltr'>ebrii</span> <span class='ocrx_word' id='word_1_63' title='bbox 1438 937 1636 982; x_wconf 85' lang='lat' dir='ltr'>retexis-</span> 
     </span>
     <span class='ocr_line' id='line_1_10' title="bbox 160 1014 1637 1077; baseline 0.001 -19"><span class='ocrx_word' id='word_1_64' title='bbox 160 1019 282 1070; x_wconf 83' lang='lat' dir='ltr'>sent,</span> <span class='ocrx_word' id='word_1_65' title='bbox 320 1014 586 1060; x_wconf 88' lang='lat' dir='ltr'>erubuisse:</span> <span class='ocrx_word' id='word_1_66' title='bbox 624 1015 797 1061; x_wconf 90' lang='lat' dir='ltr'>deinde</span> <span class='ocrx_word' id='word_1_67' title='bbox 835 1016 982 1061; x_wconf 85' lang='lat' dir='ltr'>adicit</span> <span class='ocrx_word' id='word_1_68' title='bbox 1033 1020 1043 1040; x_wconf 94' lang='lat'>‘</span> <span class='ocrx_word' id='word_1_69' title='bbox 1063 1021 1259 1077; x_wconf 87' lang='lat' dir='ltr'>putares</span> <span class='ocrx_word' id='word_1_70' title='bbox 1299 1032 1397 1062; x_wconf 92' lang='lat' dir='ltr'>non</span> <span class='ocrx_word' id='word_1_71' title='bbox 1433 1017 1495 1062; x_wconf 90' lang='lat' dir='ltr'>ab</span> <span class='ocrx_word' id='word_1_72' title='bbox 1540 1017 1637 1061; x_wconf 81' lang='lat' dir='ltr'>illis</span> 
     </span>
     <span class='ocr_line' id='line_1_11' title="bbox 162 1093 1723 1158; baseline 0.006 -20"><span class='ocrx_word' id='word_1_73' title='bbox 162 1093 408 1150; x_wconf 83' lang='lat' dir='ltr'>Catonem,</span> <span class='ocrx_word' id='word_1_74' title='bbox 449 1094 531 1140; x_wconf 86' lang='lat' dir='ltr'>sed</span> <span class='ocrx_word' id='word_1_75' title='bbox 568 1095 676 1140; x_wconf 77' lang='lat' dir='ltr'>illos</span> <span class='ocrx_word' id='word_1_76' title='bbox 713 1111 741 1140; x_wconf 87' lang='lat' dir='ltr'>a</span> <span class='ocrx_word' id='word_1_77' title='bbox 776 1095 960 1141; x_wconf 87' lang='lat' dir='ltr'>Catone</span> <span class='ocrx_word' id='word_1_78' title='bbox 998 1096 1346 1156; x_wconf 88' lang='lat' dir='ltr'>deprehensos.&#39;</span> <span class='ocrx_word' id='word_1_79' title='bbox 1412 1096 1635 1158; x_wconf 73' lang='lat' dir='ltr'>potuitne</span> <span class='ocrx_word' id='word_1_80' title='bbox 1664 1102 1723 1146; x_wconf 91' lang='grc'>10</span> 
     </span>
     <span class='ocr_line' id='line_1_12' title="bbox 160 1171 1638 1237; baseline 0.003 -21"><span class='ocrx_word' id='word_1_81' title='bbox 160 1171 269 1232; x_wconf 86' lang='lat' dir='ltr'>plus</span> <span class='ocrx_word' id='word_1_82' title='bbox 293 1173 596 1219; x_wconf 81' lang='lat' dir='ltr'>auctoritatis</span> <span class='ocrx_word' id='word_1_83' title='bbox 629 1174 784 1219; x_wconf 87' lang='lat' dir='ltr'>tribui</span> <span class='ocrx_word' id='word_1_84' title='bbox 818 1174 993 1220; x_wconf 86' lang='lat' dir='ltr'>Catoni</span> <span class='ocrx_word' id='word_1_85' title='bbox 1028 1191 1172 1236; x_wconf 89' lang='lat' dir='ltr'>quam</span> <span class='ocrx_word' id='word_1_86' title='bbox 1198 1175 1239 1221; x_wconf 88' lang='lat' dir='ltr'>si</span> <span class='ocrx_word' id='word_1_87' title='bbox 1262 1176 1423 1221; x_wconf 88' lang='lat' dir='ltr'>ebrius</span> <span class='ocrx_word' id='word_1_88' title='bbox 1447 1192 1638 1237; x_wconf 86' lang='lat' dir='ltr'>quoque</span> 
     </span>
     <span class='ocr_line' id='line_1_13' title="bbox 160 1253 1638 1318; baseline 0.005 -22"><span class='ocrx_word' id='word_1_89' title='bbox 160 1256 262 1296; x_wconf 89' lang='lat' dir='ltr'>tam</span> <span class='ocrx_word' id='word_1_90' title='bbox 297 1253 588 1297; x_wconf 87' lang='lat' dir='ltr'>uenerabilis</span> <span class='ocrx_word' id='word_1_91' title='bbox 629 1259 733 1299; x_wconf 87' lang='lat' dir='ltr'>erat</span> <span class='ocrx_word' id='word_1_92' title='bbox 754 1255 771 1300; x_wconf 72' lang='lat'>2</span> <span class='ocrx_word' id='word_1_93' title='bbox 841 1260 1034 1300; x_wconf 85' lang='lat' dir='ltr'>nostrae</span> <span class='ocrx_word' id='word_1_94' title='bbox 1075 1261 1239 1301; x_wconf 84' lang='lat' dir='ltr'>tamen</span> <span class='ocrx_word' id='word_1_95' title='bbox 1279 1273 1423 1302; x_wconf 89' lang='lat' dir='ltr'>cenae</span> <span class='ocrx_word' id='word_1_96' title='bbox 1463 1261 1520 1302; x_wconf 89' lang='lat' dir='ltr'>ut</span> <span class='ocrx_word' id='word_1_97' title='bbox 1558 1273 1638 1318; x_wconf 90' lang='lat' dir='ltr'>ap-</span> 
     </span>
     <span class='ocr_line' id='line_1_14' title="bbox 160 1331 1638 1398; baseline 0.005 -23"><span class='ocrx_word' id='word_1_98' title='bbox 160 1335 358 1391; x_wconf 88' lang='lat' dir='ltr'>paratus</span> <span class='ocrx_word' id='word_1_99' title='bbox 382 1336 432 1377; x_wconf 90' lang='lat' dir='ltr'>et</span> <span class='ocrx_word' id='word_1_100' title='bbox 450 1331 668 1393; x_wconf 86' lang='lat' dir='ltr'>inpendii</span> <span class='ocrx_word' id='word_1_101' title='bbox 687 1333 753 1379; x_wconf 91' lang='lat' dir='ltr'>sic</span> <span class='ocrx_word' id='word_1_102' title='bbox 776 1335 1007 1395; x_wconf 79' lang='lat' dir='ltr'>temporis</span> <span class='ocrx_word' id='word_1_103' title='bbox 1032 1336 1202 1381; x_wconf 89' lang='lat' dir='ltr'>modus</span> <span class='ocrx_word' id='word_1_104' title='bbox 1222 1340 1420 1382; x_wconf 85' lang='lat' dir='ltr'>constet.</span> <span class='ocrx_word' id='word_1_105' title='bbox 1480 1352 1638 1398; x_wconf 86' lang='lat' dir='ltr'>neque</span> 
     </span>
     <span class='ocr_line' id='line_1_15' title="bbox 162 1411 1635 1478; baseline 0.005 -22"><span class='ocrx_word' id='word_1_106' title='bbox 162 1411 293 1457; x_wconf 89' lang='lat' dir='ltr'>enim</span> <span class='ocrx_word' id='word_1_107' title='bbox 338 1412 375 1457; x_wconf 91' lang='lat' dir='ltr'>ii</span> <span class='ocrx_word' id='word_1_108' title='bbox 422 1428 586 1459; x_wconf 88' lang='lat' dir='ltr'>sumus</span> <span class='ocrx_word' id='word_1_109' title='bbox 627 1429 746 1475; x_wconf 89' lang='lat' dir='ltr'>quos</span> <span class='ocrx_word' id='word_1_110' title='bbox 783 1416 1063 1477; x_wconf 85' lang='lat' dir='ltr'>uituperare</span> <span class='ocrx_word' id='word_1_111' title='bbox 1109 1433 1171 1462; x_wconf 92' lang='lat' dir='ltr'>ne</span> <span class='ocrx_word' id='word_1_112' title='bbox 1210 1417 1396 1463; x_wconf 88' lang='lat' dir='ltr'>inimici</span> <span class='ocrx_word' id='word_1_113' title='bbox 1441 1417 1635 1478; x_wconf 87' lang='lat' dir='ltr'>quidem</span> 
     </span>
     <span class='ocr_line' id='line_1_16' title="bbox 161 1491 1722 1552; baseline 0.003 -15"><span class='ocrx_word' id='word_1_114' title='bbox 161 1491 347 1552; x_wconf 88' lang='lat' dir='ltr'>possint</span> <span class='ocrx_word' id='word_1_115' title='bbox 369 1492 463 1538; x_wconf 84' lang='lat' dir='ltr'>nisi</span> <span class='ocrx_word' id='word_1_116' title='bbox 487 1498 544 1539; x_wconf 92' lang='lat' dir='ltr'>ut</span> <span class='ocrx_word' id='word_1_117' title='bbox 567 1494 710 1539; x_wconf 87' lang='lat' dir='ltr'>simul</span> <span class='ocrx_word' id='word_1_118' title='bbox 734 1495 946 1542; x_wconf 89' lang='lat' dir='ltr'>laudent.</span> <span class='ocrx_word' id='word_1_119' title='bbox 1018 1496 1138 1542; x_wconf 88' lang='lat' dir='ltr'>uale.</span> <span class='ocrx_word' id='word_1_120' title='bbox 1665 1496 1722 1541; x_wconf 85' lang='lat'>15</span> 
     </span>
    </p>
   </div>
   <div class='ocr_carea' id='block_1_5' title="bbox 832 1613 976 1660">
    <p class='ocr_par' dir='ltr' id='par_1_5' title="bbox 832 1613 976 1660">
     <span class='ocr_line' id='line_1_17' title="bbox 832 1613 976 1660; baseline 0.014 -2"><span class='ocrx_word' id='word_1_121' title='bbox 832 1613 976 1660; x_wconf 87' lang='lat' dir='ltr'>XIII</span> 
     </span>
    </p>
   </div>
   <div class='ocr_carea' id='block_1_6' title="bbox 120 1717 1724 2255">
    <p class='ocr_par' dir='ltr' id='par_1_6' title="bbox 120 1717 1724 2255">
     <span class='ocr_line' id='line_1_18' title="bbox 385 1717 1423 1762; baseline 0.006 -6"><span class='ocrx_word' id='word_1_122' title='bbox 385 1717 427 1758; x_wconf 89' lang='lat' dir='ltr'>C.</span> <span class='ocrx_word' id='word_1_123' title='bbox 461 1717 683 1759; x_wconf 78' lang='lat' dir='ltr'>PLINIVS</span> <span class='ocrx_word' id='word_1_124' title='bbox 712 1719 954 1760; x_wconf 74' lang='lat' dir='ltr'>VOCONIO</span> <span class='ocrx_word' id='word_1_125' title='bbox 983 1720 1216 1761; x_wconf 74' lang='lat' dir='ltr'><strong>ROMANO</strong></span> <span class='ocrx_word' id='word_1_126' title='bbox 1248 1721 1350 1762; x_wconf 87' lang='lat' dir='ltr'>SVO</span> <span class='ocrx_word' id='word_1_127' title='bbox 1382 1722 1423 1762; x_wconf 86' lang='lat' dir='ltr'>S.</span> 
     </span>
     <span class='ocr_line' id='line_1_19' title="bbox 262 1797 1638 1863; baseline 0.004 -21"><span class='ocrx_word' id='word_1_128' title='bbox 262 1797 464 1843; x_wconf 90' lang='lat' dir='ltr'>Librum</span> <span class='ocrx_word' id='word_1_129' title='bbox 492 1815 587 1860; x_wconf 91' lang='lat' dir='ltr'>quo</span> <span class='ocrx_word' id='word_1_130' title='bbox 621 1816 777 1862; x_wconf 89' lang='lat' dir='ltr'>nuper</span> <span class='ocrx_word' id='word_1_131' title='bbox 810 1802 991 1862; x_wconf 90' lang='lat' dir='ltr'>optimo</span> <span class='ocrx_word' id='word_1_132' title='bbox 1025 1802 1233 1863; x_wconf 83' lang='lat' dir='ltr'>principi</span> <span class='ocrx_word' id='word_1_133' title='bbox 1266 1802 1432 1848; x_wconf 91' lang='lat' dir='ltr'>consul</span> <span class='ocrx_word' id='word_1_134' title='bbox 1458 1803 1638 1863; x_wconf 74' lang='lat' dir='ltr'>gratias</span> 
     </span>
     <span class='ocr_line' id='line_1_20' title="bbox 120 1870 1638 1938; baseline 0.005 -23"><span class='ocrx_word' id='word_1_135' title='bbox 120 1893 139 1913; x_wconf 86' lang='lat'><em>2</em></span> <span class='ocrx_word' id='word_1_136' title='bbox 164 1870 239 1933; x_wconf 85' lang='lat' dir='ltr'>egi</span> <span class='ocrx_word' id='word_1_137' title='bbox 261 1872 372 1917; x_wconf 86' lang='lat' dir='ltr'>misi</span> <span class='ocrx_word' id='word_1_138' title='bbox 396 1873 610 1934; x_wconf 83' lang='lat' dir='ltr'>exigenti</span> <span class='ocrx_word' id='word_1_139' title='bbox 635 1875 740 1933; x_wconf 86' lang='lat' dir='ltr'>tibi,</span> <span class='ocrx_word' id='word_1_140' title='bbox 766 1876 1013 1934; x_wconf 86' lang='lat' dir='ltr'>missurus,</span> <span class='ocrx_word' id='word_1_141' title='bbox 1041 1878 1131 1922; x_wconf 87' lang='lat' dir='ltr'>etsi</span> <span class='ocrx_word' id='word_1_142' title='bbox 1154 1893 1252 1922; x_wconf 90' lang='lat' dir='ltr'>non</span> <span class='ocrx_word' id='word_1_143' title='bbox 1277 1878 1525 1938; x_wconf 80' lang='lat' dir='ltr'>exegisseS.</span> <span class='ocrx_word' id='word_1_144' title='bbox 1585 1878 1638 1923; x_wconf 84' lang='lat' dir='ltr'>in</span> 
     </span>
     <span class='ocr_line' id='line_1_21' title="bbox 162 1951 1724 2017; baseline 0.006 -22"><span class='ocrx_word' id='word_1_145' title='bbox 162 1951 253 1997; x_wconf 93' lang='lat' dir='ltr'>hoc</span> <span class='ocrx_word' id='word_1_146' title='bbox 276 1952 544 1998; x_wconf 89' lang='lat' dir='ltr'>consideres</span> <span class='ocrx_word' id='word_1_147' title='bbox 580 1954 728 1999; x_wconf 88' lang='lat' dir='ltr'>uelim</span> <span class='ocrx_word' id='word_1_148' title='bbox 757 1961 813 2000; x_wconf 89' lang='lat' dir='ltr'>ut</span> <span class='ocrx_word' id='word_1_149' title='bbox 853 1956 1265 2017; x_wconf 82' lang='lat' dir='ltr'>pulchritudinem</span> <span class='ocrx_word' id='word_1_150' title='bbox 1304 1958 1534 2003; x_wconf 88' lang='lat' dir='ltr'>materiae</span> <span class='ocrx_word' id='word_1_151' title='bbox 1568 1958 1639 2003; x_wconf 87' lang='lat' dir='ltr'>ita</span> <span class='ocrx_word' id='word_1_152' title='bbox 1664 1964 1724 2008; x_wconf 78' lang='grc'>20</span> 
     </span>
     <span class='ocr_line' id='line_1_22' title="bbox 164 2031 1640 2097; baseline 0.004 -21"><span class='ocrx_word' id='word_1_153' title='bbox 164 2031 510 2078; x_wconf 86' lang='lat' dir='ltr'>difficultatem.</span> <span class='ocrx_word' id='word_1_154' title='bbox 580 2033 634 2077; x_wconf 89' lang='lat' dir='ltr'>in</span> <span class='ocrx_word' id='word_1_155' title='bbox 671 2036 841 2080; x_wconf 85' lang='lat' dir='ltr'>ceteris</span> <span class='ocrx_word' id='word_1_156' title='bbox 878 2035 1007 2081; x_wconf 87' lang='lat' dir='ltr'>enim</span> <span class='ocrx_word' id='word_1_157' title='bbox 1045 2036 1271 2081; x_wconf 80' lang='lat' dir='ltr'>lectorem</span> <span class='ocrx_word' id='word_1_158' title='bbox 1310 2036 1504 2082; x_wconf 88' lang='lat' dir='ltr'>nouitas</span> <span class='ocrx_word' id='word_1_159' title='bbox 1535 2037 1640 2097; x_wconf 86' lang='lat' dir='ltr'>ipsa</span> 
     </span>
     <span class='ocr_line' id='line_1_23' title="bbox 162 2110 1640 2177; baseline 0.005 -23"><span class='ocrx_word' id='word_1_160' title='bbox 162 2111 408 2156; x_wconf 88' lang='lat' dir='ltr'>intentum</span> <span class='ocrx_word' id='word_1_161' title='bbox 427 2110 585 2168; x_wconf 86' lang='lat' dir='ltr'>habet,</span> <span class='ocrx_word' id='word_1_162' title='bbox 612 2112 665 2157; x_wconf 88' lang='lat' dir='ltr'>in</span> <span class='ocrx_word' id='word_1_163' title='bbox 689 2113 777 2158; x_wconf 86' lang='lat' dir='ltr'>hac</span> <span class='ocrx_word' id='word_1_164' title='bbox 801 2120 917 2159; x_wconf 90' lang='lat' dir='ltr'>nota</span> <span class='ocrx_word' id='word_1_165' title='bbox 941 2115 1139 2176; x_wconf 87' lang='lat' dir='ltr'>uulgata</span> <span class='ocrx_word' id='word_1_166' title='bbox 1162 2115 1287 2161; x_wconf 83' lang='lat' dir='ltr'>dicta</span> <span class='ocrx_word' id='word_1_167' title='bbox 1311 2120 1427 2161; x_wconf 87' lang='lat' dir='ltr'>sunt</span> <span class='ocrx_word' id='word_1_168' title='bbox 1450 2117 1640 2177; x_wconf 86' lang='lat' dir='ltr'>omnia;</span> 
     </span>
     <span class='ocr_line' id='line_1_24' title="bbox 163 2190 1641 2255; baseline 0.005 -20"><span class='ocrx_word' id='word_1_169' title='bbox 163 2206 260 2252; x_wconf 91' lang='lat' dir='ltr'>quo</span> <span class='ocrx_word' id='word_1_170' title='bbox 282 2190 341 2235; x_wconf 90' lang='lat' dir='ltr'>fit</span> <span class='ocrx_word' id='word_1_171' title='bbox 364 2198 421 2235; x_wconf 89' lang='lat' dir='ltr'>ut</span> <span class='ocrx_word' id='word_1_172' title='bbox 456 2191 594 2252; x_wconf 86' lang='lat' dir='ltr'>quasi</span> <span class='ocrx_word' id='word_1_173' title='bbox 619 2192 800 2238; x_wconf 89' lang='lat' dir='ltr'>otiosus</span> <span class='ocrx_word' id='word_1_174' title='bbox 829 2209 1118 2255; x_wconf 88' lang='lat' dir='ltr'>securusque</span> <span class='ocrx_word' id='word_1_175' title='bbox 1149 2194 1299 2240; x_wconf 89' lang='lat' dir='ltr'>lector</span> <span class='ocrx_word' id='word_1_176' title='bbox 1329 2200 1525 2240; x_wconf 85' lang='lat' dir='ltr'>tantum</span> <span class='ocrx_word' id='word_1_177' title='bbox 1549 2196 1641 2242; x_wconf 87' lang='lat' dir='ltr'>elo·</span> 
     </span>
    </p>
   </div>
   <div class='ocr_carea' id='block_1_7' title="bbox 162 2300 1644 2682">
    <p class='ocr_par' dir='ltr' id='par_1_7' title="bbox 162 2300 1644 2487">
     <span class='ocr_line' id='line_1_25' title="bbox 242 2300 1643 2356; baseline 0.005 -18"><span class='ocrx_word' id='word_1_178' title='bbox 242 2301 266 2338; x_wconf 87' lang='lat'>2</span> <span class='ocrx_word' id='word_1_179' title='bbox 288 2300 510 2341; x_wconf 77' lang='lat' dir='ltr'>CATILIO</span> <span class='ocrx_word' id='word_1_180' title='bbox 532 2302 750 2341; x_wconf 88' lang='lat' dir='ltr'><strong>SEVERO</strong></span> <span class='ocrx_word' id='word_1_181' title='bbox 772 2303 874 2343; x_wconf 87' lang='lat' dir='ltr'>SVO</span> <span class='ocrx_word' id='word_1_182' title='bbox 886 2307 969 2351; x_wconf 79' lang='lat' dir='ltr'>Fpr</span> <span class='ocrx_word' id='word_1_183' title='bbox 1005 2303 1230 2343; x_wconf 83' lang='lat' dir='ltr'>CATILIO</span> <span class='ocrx_word' id='word_1_184' title='bbox 1248 2303 1464 2356; x_wconf 90' lang='lat' dir='ltr'>(CATILO</span> <span class='ocrx_word' id='word_1_185' title='bbox 1484 2309 1528 2344; x_wconf 78' lang='grc' dir='ltr'>Μ</span> <span class='ocrx_word' id='word_1_186' title='bbox 1565 2305 1643 2345; x_wconf 82' lang='lat' dir='ltr'>Ca-</span> 
     </span>
     <span class='ocr_line' id='line_1_26' title="bbox 162 2368 1644 2420; baseline 0.003 -14"><span class='ocrx_word' id='word_1_187' title='bbox 162 2368 254 2407; x_wconf 81' lang='lat' dir='ltr'>tillo</span> <span class='ocrx_word' id='word_1_188' title='bbox 267 2370 316 2417; x_wconf 84' lang='lat' dir='ltr'>V)</span> <span class='ocrx_word' id='word_1_189' title='bbox 334 2368 435 2407; x_wconf 91' lang='lat' dir='ltr'>SVO</span> <span class='ocrx_word' id='word_1_190' title='bbox 448 2371 610 2407; x_wconf 77' lang='lat' dir='ltr'>MVDa:</span> <span class='ocrx_word' id='word_1_191' title='bbox 637 2371 647 2388; x_wconf 92' lang='lat'>‘</span> <span class='ocrx_word' id='word_1_192' title='bbox 659 2370 959 2408; x_wconf 77' lang='lat' dir='ltr'>Riccardianus</span> <span class='ocrx_word' id='word_1_193' title='bbox 978 2370 1024 2408; x_wconf 87' lang='lat' dir='ltr'>in</span> <span class='ocrx_word' id='word_1_194' title='bbox 1042 2376 1231 2408; x_wconf 74' lang='lat' dir='ltr'>contextu</span> <span class='ocrx_word' id='word_1_195' title='bbox 1255 2372 1516 2420; x_wconf 78' lang='lat' dir='ltr'>epistolarum</span> <span class='ocrx_word' id='word_1_196' title='bbox 1532 2373 1644 2410; x_wconf 77' lang='lat' dir='ltr'>nihil</span> 
     </span>
     <span class='ocr_line' id='line_1_27' title="bbox 163 2433 1643 2487; baseline 0.001 -14"><span class='ocrx_word' id='word_1_197' title='bbox 163 2441 294 2474; x_wconf 83' lang='lat' dir='ltr'>mutat</span> <span class='ocrx_word' id='word_1_198' title='bbox 323 2436 417 2484; x_wconf 87' lang='lat' dir='ltr'>(h.e.</span> <span class='ocrx_word' id='word_1_199' title='bbox 439 2434 591 2473; x_wconf 84' lang='lat' dir='ltr'>Catih&#39;o</span> <span class='ocrx_word' id='word_1_200' title='bbox 610 2433 716 2486; x_wconf 88' lang='lat' dir='ltr'>suo),</span> <span class='ocrx_word' id='word_1_201' title='bbox 740 2441 785 2474; x_wconf 81' lang='lat' dir='ltr'>at</span> <span class='ocrx_word' id='word_1_202' title='bbox 811 2437 858 2474; x_wconf 86' lang='lat' dir='ltr'>in</span> <span class='ocrx_word' id='word_1_203' title='bbox 884 2437 1020 2474; x_wconf 82' lang='lat' dir='ltr'>indice</span> <span class='ocrx_word' id='word_1_204' title='bbox 1046 2436 1195 2474; x_wconf 81' lang='lat' dir='ltr'>Attilio</span> <span class='ocrx_word' id='word_1_205' title='bbox 1225 2437 1376 2476; x_wconf 85' lang='lat' dir='ltr'>Seuero</span> <span class='ocrx_word' id='word_1_206' title='bbox 1402 2437 1643 2487; x_wconf 65' lang='lat' dir='ltr'>inscripsit!</span> 
     </span>
    </p>

    <p class='ocr_par' dir='ltr' id='par_1_8' title="bbox 165 2501 1643 2682">
     <span class='ocr_line' id='line_1_28' title="bbox 291 2501 1643 2545; baseline 0 -3"><span class='ocrx_word' id='word_1_207' title='bbox 291 2503 315 2542; x_wconf 88' lang='lat'><strong>7</strong></span> <span class='ocrx_word' id='word_1_208' title='bbox 344 2501 487 2540; x_wconf 82' lang='lat' dir='ltr'>scribit</span> <span class='ocrx_word' id='word_1_209' title='bbox 509 2503 722 2541; x_wconf 79' lang='lat' dir='ltr'>Casaubon</span> <span class='ocrx_word' id='word_1_210' title='bbox 854 2504 879 2541; x_wconf 84' lang='lat'>8</span> <span class='ocrx_word' id='word_1_211' title='bbox 907 2502 1035 2542; x_wconf 77' lang='lat' dir='ltr'>fuerit</span> <span class='ocrx_word' id='word_1_212' title='bbox 1053 2506 1116 2542; x_wconf 78' lang='grc' dir='ltr'>Η)</span> <span class='ocrx_word' id='word_1_213' title='bbox 1170 2505 1363 2542; x_wconf 77' lang='grc' dir='ltr'><em>Βῖσσανᾱ.</em></span> <span class='ocrx_word' id='word_1_214' title='bbox 1387 2511 1452 2545; x_wconf 77' lang='lat' dir='ltr'>s‘a.</span> <span class='ocrx_word' id='word_1_215' title='bbox 1505 2504 1643 2543; x_wconf 77' lang='lat' dir='ltr'>fuerat</span> 
     </span>
     <span class='ocr_line' id='line_1_29' title="bbox 165 2568 1642 2619; baseline 0.001 -11"><span class='ocrx_word' id='word_1_216' title='bbox 165 2571 266 2608; x_wconf 67' lang='grc' dir='ltr'>Ἧι·</span> <span class='ocrx_word' id='word_1_217' title='bbox 292 2568 375 2607; x_wconf 86' lang='lat' dir='ltr'>fuit</span> <span class='ocrx_word' id='word_1_218' title='bbox 401 2580 431 2616; x_wconf 85' lang='lat' dir='ltr'>p</span> <span class='ocrx_word' id='word_1_219' title='bbox 592 2570 641 2607; x_wconf 88' lang='lat'>13</span> <span class='ocrx_word' id='word_1_220' title='bbox 669 2568 857 2619; x_wconf 85' lang='lat' dir='ltr'>impendi</span> <span class='ocrx_word' id='word_1_221' title='bbox 874 2573 909 2608; x_wconf 87' lang='lat' dir='ltr'>D</span> <span class='ocrx_word' id='word_1_222' title='bbox 1061 2571 1109 2609; x_wconf 88' lang='lat'>17</span> <span class='ocrx_word' id='word_1_223' title='bbox 1138 2570 1383 2609; x_wconf 83' lang='lat' dir='ltr'><strong>VOCONIO</strong></span> <span class='ocrx_word' id='word_1_224' title='bbox 1411 2571 1642 2610; x_wconf 86' lang='lat' dir='ltr'><strong>ROMANO</strong></span> 
     </span>
     <span class='ocr_line' id='line_1_30' title="bbox 165 2634 1395 2682; baseline 0 -7"><span class='ocrx_word' id='word_1_225' title='bbox 165 2637 265 2682; x_wconf 75' lang='lat' dir='ltr'>Pps‘</span> <span class='ocrx_word' id='word_1_226' title='bbox 282 2634 583 2674; x_wconf 78' lang='lat' dir='ltr'>Riccardianus</span> <span class='ocrx_word' id='word_1_227' title='bbox 603 2636 649 2673; x_wconf 83' lang='lat' dir='ltr'>in</span> <span class='ocrx_word' id='word_1_228' title='bbox 668 2636 752 2675; x_wconf 78' lang='lat' dir='ltr'>ind.</span> <span class='ocrx_word' id='word_1_229' title='bbox 841 2634 1084 2674; x_wconf 75' lang='lat' dir='ltr'><strong>VOCONIO</strong></span> <span class='ocrx_word' id='word_1_230' title='bbox 1114 2649 1186 2675; x_wconf 85' lang='lat' dir='ltr'>om.</span> <span class='ocrx_word' id='word_1_231' title='bbox 1220 2639 1395 2675; x_wconf 78' lang='lat' dir='ltr'>MVDra.</span> 
     </span>
    </p>
   </div>
  </div>
 </body>
</html>
