1823 3000
177 201 254 240 120
439 202 757 244 SALVTATIO.
785 172 788 175 ⁴
816 203 1144 244 CVBIGVLVM.
1204 204 1347 244 ORBI.
1452 204 1551 254 [vu
1566 205 1593 244 4
1611 205 1635 244 5

254 296 284 335 1.
318 296 366 336 16
397 308 674 335 SALVTABATVR
704 298 754 336 12
785 300 805 346 ς
836 299 873 337 2.
902 297 987 337 ind.
1020 299 1109 337 Iuv.
1142 300 1351 337 salutatio.
1385 299 1527 336 utrix,
1560 303 1635 337 -at.

175 347 418 397 Marquaxdt
439 349 700 388 Privatleben
725 362 741 387 1
759 351 851 389 252.
905 351 1001 389 Tac.
1022 351 1059 391 d.
1085 351 1109 390 6
1128 363 1189 400 pr.
1219 352 1318 400 quid
1346 353 1452 389 enim
1479 351 1635 389 dulcius

177 403 302 440 libero
331 408 369 440 et
397 404 570 450 inqenuo
602 405 738 441 animo
768 408 806 441 et
836 404 893 441 ad
922 405 1150 452 uoluptates
1181 405 1364 441 honestas
1392 409 1488 441 ‘nato
1517 415 1636 452 quam

175 455 312 492 uidere
339 456 502 503 plenam
530 467 680 504 semper
708 461 746 493 et
775 455 1084 504 frequentem
1117 458 1273 494 domum
1303 468 1417 493 suam
1446 467 1638 494 concursu

176 508 587 556 splendidissimorum
607 509 839 546 hominum.²
867 509 988 557 idque
1015 511 1118 547 scire
1143 521 1241 546 non
1266 508 1520 556 pecuniae,
1539 519 1638 546 non

178 559 394 598 orbitati
431 571 592 607 neque
621 560 790 598 officii
828 560 1046 598 alicuius
1083 559 1538 607 administrationi,
1569 561 1639 599 sed

177 613 258 649 sibi
294 613 376 660 ipsi
412 611 548 650 dari?
596 615 702 661 ipsos
739 615 841 661 quin
866 615 984 652 immo
1019 614 1164 652 orbos
1202 618 1248 652 et
1277 613 1557 661 locupletes
1591 615 1638 652 et

179 667 413 713 potentes
440 664 611 702 uenire
638 666 927 714 plerumque
954 667 1010 704 ad
1037 669 1219 705 iuuenem
1246 673 1284 704 et
1307 678 1536 715 pauperem,
1559 668 1637 704 cet.

183 720 222 760 (a
250 719 534 765 commentary
563 729 618 755 on
647 717 766 755 these
798 717 935 770 lines).
993 720 1041 756 11
1063 719 1092 757 f.
1114 721 1390 769 frequentiam
1419 718 1639 756 salutan-

180 769 318 808 tium.
374 771 424 807 13
455 770 483 809 f.
515 782 594 808 uon
623 783 681 808 me
706 772 896 819 fremitus
934 771 1485 811 salutantium...excitet.
1541 771 1584 808 h.
1605 783 1639 808 11

181 823 231 862 92
260 824 449 860 inmensis
489 822 829 862 salutantium
865 826 1092 872 ayminibus
1129 826 1372 863 contendunt
1409 836 1639 874 comparan-

182 881 338 923 turque.
393 875 527 924 Pauly
547 887 592 914 VI
613 877 703 915 723.

259 948 358 988 1.17
384 960 566 987 memo
587 950 609 987 1
629 951 650 998 §
670 950 694 987 4
713 962 755 987 n.
811 961 1007 989 cvssxcvm
1036 951 1058 988 1
1087 953 1108 999 ξ
1137 954 1174 992 7.
1213 964 1228 989 1
1257 954 1279 990 3
1309 954 1329 999 ἓ
1358 952 1380 990 1
1408 951 1642 990 cubicula

181 1000 364 1039 diurna
391 1008 600 1040 nocturna.
656 1014 690 1040 11
717 1004 766 1042 17
792 1003 852 1050 (in
880 1003 951 1041 the
977 1003 1227 1053 description
1252 1005 1296 1041 of
1317 1005 1384 1042 his
1403 1005 1515 1054 villa)
1544 1007 1584 1053 ἓξ
1603 1007 1642 1043 8.

185 1055 247 1092 10.
265 1056 326 1092 13.
343 1056 406 1092 20.
424 1055 486 1091 21.
504 1055 555 1092 22
577 1055 674 1103 (mm
692 1057 818 1093 noctis
838 1062 876 1094 et
894 1058 1049 1104 somni).
1098 1058 1156 1094 23.
1175 1069 1199 1093 v
1220 1057 1243 1094 6
1264 1060 1282 1104 ξ
1302 1058 1349 1094 21
1370 1059 1645 1096 dormitorium

183 1107 487 1145 cubiculum.
533 1107 588 1146 ib.
621 1110 663 1156 ἓξ
691 1109 848 1146 38—40
876 1111 953 1147 cet.
1007 1109 1201 1148 Aldhelm
1227 1109 1272 1148 in
1301 1109 1496 1148 Boniface
1522 1122 1564 1159 p.
1593 1111 1643 1148 33

183 1159 291 1198 Jafi‘e
308 1166 459 1198 secreta
478 1159 713 1199 cubicula
730 1161 990 1200 lectionis.

263 1239 291 1278 1.
320 1241 368 1277 18
411 1252 466 1277 nx
496 1251 680 1278 Fon'rva
703 1243 865 1290 poterat
895 1241 1021 1280 etiam
1041 1254 1116 1290 pro
1135 1242 1305 1290 fortuna
1336 1241 1480 1280 dicere.
1534 1241 1645 1280 cubi-

185 1292 325 1331 culum
347 1292 440 1331 Silii
459 1293 718 1341 frequentius
738 1293 831 1337 fuit,
853 1306 977 1342 quam
996 1295 1042 1332 in
1065 1295 1248 1339 homine,
1269 1295 1340 1342 qui
1366 1294 1418 1332 ad
1442 1294 1577 1332 otium
1603 1306 1646 1332 se

185 1345 443 1392 contulisset,
474 1346 543 1393 qui
569 1346 658 1384 sine
681 1346 868 1394 potentia
893 1351 1014 1392 esset,
1035 1351 1246 1395 praeterea
1272 1351 1451 1394 aegroto,
1479 1350 1520 1385 et
1549 1358 1648 1385 mox

186 1398 399 1444 morituro,
417 1398 502 1436 filio
515 1398 679 1444 herede,
691 1402 871 1447 putares.
911 1400 1094 1437 GESNER.
1129 1402 1250 1438 πλέον
1265 1400 1288 1446 ἢ
1305 1402 1404 1438 κατὰ
1417 1404 1488 1448 τὴν
1507 1399 1642 1448 τύχην.

188 1463 254 1488 see
273 1450 359 1488 ind.
380 1451 470 1488 Iuv.
491 1453 590 1496 orbi,
611 1458 761 1500 captat,
783 1451 936 1503 (-at0r)‚
957 1452 1039 1490 add
1058 1465 1072 1489 1
1094 1453 1156 1491 37.
1195 1465 1247 1489 111
1268 1454 1343 1492 139
1363 1465 1446 1500 seq.
1467 1453 1546 1490 220
1564 1464 1647 1500 seq.

187 1516 213 1541 v
242 1504 317 1541 132
343 1515 426 1551 seq.
446 1516 489 1541 vl
515 1505 564 1543 39
591 1515 675 1552 seq.
712 1504 764 1542 cf.
785 1517 832 1542 esc
858 1518 960 1543 more
989 1507 1055 1553 (18
1081 1508 1100 1552 ξ
1122 1507 1142 1542 1
1169 1504 1241 1554 n.),
1266 1517 1285 1543 e
1314 1507 1466 1543 uirtute
1494 1507 1646 1549 uiuere,

188 1569 237 1595 ex
267 1558 448 1600 libidine,
469 1569 518 1594 ex
545 1569 633 1594 usu.
688 1568 715 1594 x
742 1558 791 1595 55
822 1557 905 1605 (63)
935 1558 964 1595 f.
988 1560 1138 1596 inuitos
1167 1559 1220 1595 ad
1247 1559 1524 1606 accipiendum
1551 1569 1648 1595 com-

182 1611 465 1658 pellere...non
483 1616 540 1647 est
559 1621 613 1647 ex
631 1609 838 1648 iustitia
862 1617 1083 1648 nostrorum
1110 1616 1337 1659 temporum.
1392 1609 1519 1648 Hand
1547 1609 1649 1647 Tur-

190 1661 276 1700 sell.
290 1673 323 1698 11
343 1661 563 1700 651—660.
603 1662 698 1700 Tac.
719 1674 814 1700 ann.
836 1674 869 1700 11
888 1663 939 1701 63
951 1665 1114 1712 scripsit
1131 1664 1292 1701 Tiberio
1306 1675 1385 1701 uon
1397 1669 1443 1701 ut
1454 1663 1651 1713 profugus

191 1720 262 1752 aut
279 1716 459 1764 supplex,
479 1717 548 1753 sed
566 1727 620 1753 ex
639 1716 876 1753 memoria
888 1717 1041 1764 prioris
1053 1716 1259 1764 fortunae.

270 1795 295 1835 l.
316 1796 364 1835 19
383 1807 664 1834 TRANSIGEBAT
683 1808 779 1845 pan.
799 1797 850 1834 48
869 1797 995 1845 pr.ut
1013 1807 1235 1845 magnam
1253 1797 1444 1845 partem
1463 1795 1653 1835 dierum

191 1850 300 1886 inter
329 1854 385 1886 tot
412 1850 573 1897 imperii
602 1862 717 1887 curas
746 1851 862 1898 quasi
885 1862 960 1898 per
987 1851 1112 1887 otium
1144 1849 1412 1897 transigis!
1443 1850 1541 1898 only
1573 1861 1652 1887 one

193 1900 313 1938 other
328 1912 390 1938 ex.
413 1901 472 1950 (in
491 1901 667 1939 another
686 1904 819 1951 sense)
835 1902 879 1938 in
899 1902 960 1939 Pl.
1000 1901 1086 1939 The
1103 1901 1210 1939 word
1230 1914 1363 1939 seems
1383 1904 1456 1940 not
1475 1904 1520 1939 to
1531 1913 1654 1939 occur

194 1955 238 1991 at
258 1953 314 1991 all
332 1952 375 1990 in
395 1953 466 1992 Ov.
493 1953 597 1991 Plin.
610 1953 652 1991 h.
673 1966 715 1991 n.
735 1954 830 1992 VM.
851 1955 1016 1992 Petron.
1038 1954 1159 1992 Mart.
1179 1954 1316 1992 lustin
1334 1957 1412 1992 cet.
1480 1954 1533 1991 In
1554 1953 1654 1992 Sall.

196 2005 315 2044 Catil.
338 2007 361 2042 2
380 2008 400 2053 ἓ
419 2008 443 2044 8
463 2006 633 2044 Dietsch
659 2006 742 2044 and
766 2007 923 2044 Jordan
946 2019 1001 2045 no
1027 2006 1154 2045 doubt
1179 2006 1334 2055 rightly
1351 2006 1448 2044 read
1471 2008 1651 2045 uitam...

196 2060 403 2105 transiere,
435 2058 596 2106 though
623 2058 740 2097 there
766 2060 803 2096 is
831 2059 920 2097 also
955 2059 1061 2107 good
1097 2059 1288 2097 evidence
1324 2060 1387 2097 for
1416 2066 1654 2106 transeqere.

198 2110 350 2148 Occurs
369 2111 412 2148 in
434 2111 527 2150 Sen.
555 2111 668 2149 Suet.
690 2111 785 2149 Tac.
809 2114 897 2160 (eg.
922 2112 1017 2160 Agr.
1037 2111 1145 2150 cited
1164 2124 1219 2149 on
1240 2113 1263 2149 3
1282 2115 1302 2160 ἓ
1323 2113 1346 2150 3
1365 2112 1393 2149 1.
1409 2111 1487 2163 18),
1532 2111 1654 2159 Apul.

199 2163 271 2204 Sil.
292 2175 344 2201 111
363 2164 439 2202 389
459 2165 537 2204 390
555 2164 823 2202 uenatibus
843 2176 1016 2202 aeuum
1041 2164 1045 2215 Ι
1072 2163 1386 2213 transigitur.

276 2238 297 2285 ἕ
315 2242 339 2277 5
359 2247 580 2275 scamna-vr
599 2237 704 2276 after
721 2239 926 2277 scribendo
945 2238 996 2276 cf.
1018 2238 1042 2277 6
1061 2240 1081 2287 ἓ
1101 2239 1126 2276 4
1143 2250 1185 2278 n.
1209 2238 1478 2278 emendum.
1502 2237 1611 2276 emi.

277 2318 305 2356 l.
345 2319 395 2357 20
432 2330 586 2356 mom:
624 2330 728 2356 cvnA
763 2331 872 2363 QVAM
907 2331 1083 2357 1Ne13x10
1119 2319 1191 2357 the
1229 2319 1387 2358 Punica
1422 2318 1659 2367 deservedly

200 2370 415 2420 neglected
443 2371 495 2419 by
524 2371 595 2409 the
630 2371 783 2410 middle
819 2384 928 2420 ageS.
961 2372 1050 2410 find
1086 2372 1163 2410 few
1194 2372 1278 2412 and
1313 2384 1446 2421 weary
1479 2370 1657 2409 readers.

200 2423 333 2462 Barth
351 2423 446 2461 adu.
464 2435 543 2461 vm
568 2425 591 2461 3
617 2425 647 2462 f.
668 2424 774 2472 “qui
799 2424 967 2473 quidem
991 2428 1112 2474 poeta
1138 2424 1274 2463 dicam
1299 2437 1354 2463 an
1379 2423 1658 2462 uersificator?

202 2488 298 2514 cum
329 2475 428 2514 alibi
451 2475 672 2514 historiam
696 2477 960 2514 notissimam
978 2477 1156 2515 heroicis
1180 2477 1436 2526 temporibus
1460 2487 1658 2524 aequans,

203 2528 311 2566 nihil
330 2528 598 2566 memorabile
616 2529 715 2578 agit,
738 2532 830 2567 tum
847 2530 1066 2579 praecipue
1093 2529 1139 2568 in
1166 2529 1319 2568 talibus
1346 2529 1460 2577 uiris,
1484 2540 1660 2576 quorum

203 2583 373 2629 nepotes
402 2581 448 2618 in
479 2582 666 2619 omnium
696 2585 816 2620 erant
845 2582 988 2620 oculis.
1044 2594 1139 2620 cum
1167 2582 1280 2621 enim
1317 2581 1455 2630 Scipio
1489 2579 1662 2619 Herculi

206 2633 328 2671 alicui
347 2636 418 2673 aut
437 2633 588 2672 Achilli
611 2634 729 2683 paria
754 2633 868 2682 facit,
888 2637 1044 2683 quanto
1068 2634 1255 2674 conuicio
1280 2634 1497 2682 feriuntur,
1521 2633 1594 2682 qui
1617 2632 1662 2671 id
