1823 3000
134 261 175 309 5]
496 253 786 294 LEARNING
825 252 1022 292 UNDER
1059 253 1224 293 NERO.
1557 252 1607 291 85

131 351 214 389 rise
242 351 285 389 of
313 347 554 398 Tigellinus.
611 347 651 395 4)
684 346 778 399 (aa).
806 345 871 397 62)
901 345 977 384 fall
1008 346 1051 383 of
1080 346 1237 385 Seneca
1267 358 1337 385 xrv
1363 348 1507 388 52—6.
1565 348 1605 397 5)

135 407 226 452 (Aa).
252 403 317 453 62)
345 401 550 448 marriage
578 399 681 438 with
706 400 900 448 Poppaea
926 411 999 436 xiv
1019 399 1083 438 60.
1142 399 1229 437 The
1250 400 1341 438 first
1364 401 1605 439 accusation

136 457 197 509 (in
215 454 358 495 Nero's
375 453 504 504 reign)
526 452 660 490 under
678 452 750 490 the
772 454 834 490 lex
851 454 1079 490 maiestatis
1099 465 1183 490 was
1202 464 1282 493 ΑΛ).
1311 454 1361 493 62
1391 453 1447 491 ib.
1469 455 1532 494 48.

211 540 240 578 1.
261 540 286 578 4
306 539 330 578 5
358 549 441 577 cvM
461 549 575 575 omn
603 548 839 575 srvmonm
865 548 998 575 GExvs
1026 548 1153 574 PAVLO
1182 548 1377 576 L1BERrvs
1404 550 1457 576 ΕΤ
1479 550 1606 578 Enne-

133 604 225 632 ’.πῖνε
254 602 538 631 ΡΕΒῙοποενΜ
572 601 769 628 SERVITVS
802 601 998 627 FECISSET
1035 602 1080 628 so
1106 590 1239 628 under
1263 590 1481 629 Domitian
1508 605 1536 629 v
1557 593 1606 630 14

132 646 198 695 §6
227 646 388 684 tandem
419 645 594 681 homines
627 655 708 681 non
739 643 795 681 ad
820 645 1022 692 pericula,
1056 649 1102 680 ut
1125 645 1259 692 prius,
1292 657 1432 682 uerum
1458 646 1514 683 ad
1542 647 1606 684 ho-

132 711 246 738 nores
271 700 425 736 uirtute
453 697 708 746 perueniunt.
763 707 843 734 vm
872 696 923 732 14
942 697 962 743 §
984 698 1006 735 7
1033 708 1122 734 cum
1149 703 1339 745 suspecta
1367 700 1514 744 uirtus,
1544 700 1605 737 in-

133 753 239 790 ertia
273 753 319 789 in
350 751 498 799 pretio.
556 759 749 797 compare
778 748 865 786 also
893 760 1037 797 paneg.
1077 751 1100 786 2
1139 762 1210 787 nec
1249 751 1387 788 eadem
1417 751 1463 789 de
1486 753 1604 800 prin-

132 807 220 855 cipe
253 816 354 853 quae
383 804 503 852 prius
530 805 840 851 praedicemus;
883 814 1010 850 neque
1043 804 1148 840 enim
1181 804 1318 840 eadem
1353 816 1457 853 quae
1484 806 1604 854 prius

131 863 279 896 secreto
319 858 520 905 loquimur
595 856 817 893 identidem
853 857 1082 903 coyitemus,
1116 857 1152 893 si
1184 858 1316 893 maius
1343 859 1604 907 principibus

130 916 372 960 praestemus
403 909 645 957 obsequium,
681 909 753 957 qui
784 907 1035 946 seruitute
1063 909 1217 946 ciuium
1243 921 1360 959 quam
1389 912 1460 959 qui
1487 911 1606 949 liber·

133 969 214 1002 tate
246 965 463 1001 laetantur.
520 963 543 999 3
572 974 653 999 vnon
682 962 789 999 enim
813 961 1042 1010 periculum
1072 967 1130 999 est
1162 974 1224 1009 ne,
1265 974 1353 1000 cum
1382 965 1527 1012 loquar
1555 965 1601 1002 de

133 1017 399 1059 humanitate,
420 1016 656 1063 exprobrari
684 1015 764 1052 sibi
793 1015 1024 1063 superbiam
1051 1015 1202 1062 credat,
1231 1027 1320 1053 cum
1352 1017 1398 1054 de
1420 1018 1601 1066 fruyali-

132 1075 227 1115 tate,
263 1070 469 1106 luxuriam
498 1071 575 1106 cet.
609 1068 659 1104 42
688 1068 914 1105 maiestatis
944 1068 1151 1116 singulare
1183 1074 1221 1105 et
1254 1071 1419 1106 unicum
1450 1072 1601 1108 crimen

131 1134 264 1161 eorum
284 1123 355 1170 qui
375 1122 542 1159 crimine
562 1126 771 1159 uacarent.
830 1120 883 1157 44
910 1121 1029 1158 salua
1048 1126 1106 1158 est
1133 1122 1314 1159 omnibus
1344 1124 1437 1160 uita
1459 1129 1497 1160 et
1516 1124 1602 1172 diq-

130 1177 240 1214 m'tas
262 1176 386 1220 uitae,
408 1186 478 1212 nec
498 1176 583 1212 iam
601 1175 879 1212 consideratus
900 1185 948 1211 ac
968 1176 1129 1223 sapiens
1150 1176 1218 1224 qui
1242 1180 1415 1213 aetatem
1434 1177 1479 1213 in
1500 1182 1604 1214 tene-

96 1231 100 1235 ”
133 1229 214 1266 bris
234 1229 333 1274 ayit.
394 1227 460 1265 45.
489 1228 540 1265 47
571 1239 686 1275 quem
715 1227 901 1264 honorem
928 1227 1091 1264 dicendi
1120 1229 1342 1275 maqistris,
1372 1241 1494 1278 qnam
1515 1231 1602 1278 dig]-

129 1282 334 1329 nationem
351 1281 578 1329 sapientiae
598 1280 823 1319 doctoribus
845 1280 991 1317 habes!
1018 1286 1065 1318 ut
1083 1281 1154 1318 sub
1176 1286 1211 1318 te
1239 1282 1431 1330 spiritum
1455 1287 1493 1320 et
1511 1295 1602 1321 san-

129 1335 293 1384 quinem
315 1339 353 1372 et
374 1335 559 1383 patriam
583 1338 818 1382 receperunt
845 1333 1015 1370 studia!
1048 1345 1150 1382 quae
1174 1335 1361 1383 priorum
1388 1340 1604 1384 temporum

130 1388 363 1426 immanitas
383 1388 520 1425 exiliis
539 1387 752 1435 puniebat,
778 1397 866 1424 cum
889 1386 971 1423 sibi
996 1387 1193 1424 uitiorum
1219 1389 1395 1425 omnium
1420 1391 1602 1427 conscius

124 1442 315 1490 princeps
340 1441 531 1478 inimicas
557 1441 678 1477 uitiis
711 1445 817 1477 artes
844 1451 925 1476 non
954 1439 1046 1477 odio
1071 1441 1200 1487 mayis
1226 1452 1345 1488 quam
1374 1444 1604 1480 reuerentia

128 1495 337 1542 relegaret.
398 1492 495 1532 Tac.
537 1504 610 1530 ΧΠ
647 1492 699 1532 47
742 1491 969 1529 Memmius
1006 1492 1188 1541 Regulus
1228 1495 1360 1542 quiete
1398 1495 1599 1544 defensus.

130 1546 293 1595 Among
320 1545 393 1584 the
419 1545 626 1583 harmless
653 1545 823 1593 literary
849 1544 1124 1593 productions
1153 1545 1199 1583 of
1224 1546 1370 1585 Nero's
1398 1547 1502 1586 time
1533 1560 1601 1587 are

131 1598 398 1638 Columella’s
415 1598 586 1637 treatise
606 1610 661 1636 on
681 1597 944 1647 agriculture,
969 1597 1040 1636 the
1059 1598 1242 1637 bucolics
1262 1599 1307 1637 of
1331 1600 1595 1649 Calpurnius,

130 1651 202 1691 the
222 1652 331 1691 latin
359 1652 520 1690 Homer
535 1654 598 1700 (?),
620 1651 692 1690 the
717 1651 854 1690 Aetna
881 1651 926 1689 of
950 1651 1140 1689 Lucilius
1154 1652 1217 1703 (?),
1239 1651 1311 1690 the
1335 1653 1533 1692 satiricon
1561 1654 1607 1692 of

129 1705 350 1744 Petronius
366 1707 429 1754 (?),
453 1704 526 1743 the
546 1704 749 1754 tragedies
773 1706 818 1744 of
842 1705 1008 1745 Seneca.
1057 1704 1237 1753 Persius,
1264 1705 1422 1752 Lucan,
1446 1707 1604 1746 Seneca

129 1757 176 1796 in
191 1757 260 1796 his
279 1771 400 1807 prose
419 1758 554 1796 works
582 1757 977 1810 (notwithstanding
1001 1756 1069 1794 his
1098 1758 1277 1797 fulsome
1305 1759 1486 1812 flattery)
1508 1760 1603 1800 trod

129 1823 245 1850 more
272 1811 506 1860 dangerous
534 1810 708 1860 ground.
766 1812 976 1849 Cornutus
1011 1810 1095 1849 and
1121 1811 1342 1850 Musonius
1381 1813 1455 1865 (Pl.
1478 1825 1531 1852 111
1552 1815 1601 1852 11

131 1866 151 1912 ἓ
169 1865 192 1903 5
211 1866 275 1914 n.)
295 1867 422 1902 wrote
441 1863 486 1903 in
507 1864 664 1911 Greek;
694 1863 740 1902 in
760 1863 896 1902 Greek
915 1863 1017 1910 also,
1038 1863 1084 1902 of
1100 1875 1258 1911 course,
1280 1865 1501 1914 Epictetus
1520 1866 1600 1905 dis-

131 1917 312 1957 coursed.
374 1917 463 1956 The
488 1917 654 1966 leading
671 1917 957 1966 grammarian
975 1928 1060 1955 was
1079 1917 1240 1956 Probus
1258 1917 1432 1971 (Teuffel
1452 1922 1472 1968 g
1492 1919 1599 1971 300).

133 1969 208 2010 See
225 1971 370 2009 Herm.
395 1970 572 2010 Schiller
592 1969 741 2009 Gesch.
757 1969 831 2008 cles
849 1972 955 2008 ro‘m.
977 1969 1270 2010 Kaiserthums
1292 1975 1417 2011 unter
1437 1972 1508 2012 der
1526 1973 1600 2012 Re-

131 2023 302 2073 gierung
327 2023 399 2062 des
418 2024 526 2062 Nero
557 2023 681 2073 (Berl.
708 2024 827 2072 1872)
855 2022 921 2062 bk.
948 2035 992 2061 rv
1017 2035 1051 2061 c.
1073 2025 1096 2061 3
1127 2024 1326 2073 ‘religion
1355 2026 1439 2064 and
1466 2025 1600 2075 philo-

133 2075 278 2126 sophy,
316 2077 544 2122 literature,
584 2077 676 2115 att!
742 2088 777 2115 c.
812 2076 837 2114 4
886 2075 982 2114 ‘the
1020 2076 1257 2125 opposition
1294 2078 1428 2118 under
1463 2080 1600 2118 Nero.'

131 2128 314 2168 Boissier
348 2129 617 2179 l’opposition
647 2141 745 2168 sous
772 2129 832 2168 les
870 2129 1020 2168 Cesars
1051 2129 1159 2182 (Par.
1191 2131 1324 2183 1875).
1381 2131 1598 2171 Friedlan-

132 2181 203 2220 der
221 2193 274 2220 111
292 2182 369 2221 304
389 2195 470 2232 seq.
498 2183 668 2222 552—4.

209 2246 291 2274 Aa).
322 2236 372 2274 62
405 2236 478 2274 the
505 2238 674 2285 praetor
699 2234 909 2274 Antistius
937 2247 1022 2274 was
1050 2235 1255 2275 banished
1290 2237 1347 2289 (at
1381 2237 1601 2278 Thrasea’s

130 2286 337 2337 instance)
365 2288 431 2327 for
447 2288 637 2337 libelling
656 2289 765 2327 Nero
792 2289 886 2327 Tac.
907 2301 978 2326 XIV
996 2290 1060 2329 48.
1124 2290 1236 2330 Suet.
1261 2291 1357 2329 Ner.
1380 2292 1429 2330 39
1454 2293 1602 2330 mirum

137 2341 292 2379 ...nihil
323 2354 411 2380 eum
438 2344 666 2391 patientius
698 2355 819 2392 quam
847 2343 1064 2381 maledicta
1102 2349 1140 2381 et
1173 2346 1360 2382 conuicia
1398 2345 1602 2384 hominum

132 2394 299 2432 tulisse:
329 2406 455 2444 neque
482 2397 530 2434 in
554 2397 660 2433 ullos
690 2397 890 2441 leniorem,
918 2408 1039 2445 quam
1058 2398 1130 2445 qui
1148 2408 1188 2434 se
1208 2397 1330 2434 dictis
1357 2403 1429 2435 aut
1456 2399 1601 2437 carmi-

129 2447 250 2484 nibus
271 2447 534 2494 lacessissent,
555 2449 750 2487 extitisse.
808 2448 904 2487 Tac.
928 2460 1001 2486 xrv
1020 2449 1072 2487 50
1090 2460 1172 2486 Aa).
1194 2448 1243 2487 62
1270 2449 1488 2488 Fabricius
1507 2451 1598 2490 Vei-

131 2501 229 2537 ento
247 2498 452 2538 banished
479 2500 563 2539 and
589 2500 659 2538 his
686 2500 809 2540 libels
838 2513 894 2539 on
919 2504 1063 2540 senate
1089 2500 1172 2539 and
1197 2501 1438 2550 priesthood
1458 2503 1598 2543 burnt.

130 2551 220 2592 IUV.
243 2563 261 2589 1
281 2553 356 2590 155
375 2564 419 2590 n.
441 2553 516 2592 161
535 2566 578 2593 n.
629 2553 737 2593 Plin.
758 2565 839 2592 xxx
857 2557 877 2603 ξ
899 2554 948 2592 15
971 2554 1189 2603 (speaking
1210 2554 1255 2592 of
1275 2555 1428 2606 magio)
1447 2558 1600 2596 inmen-

130 2617 218 2643 sum
252 2606 528 2644 indubitatum
560 2608 782 2657 exemplum
815 2613 874 2645 est
910 2608 1048 2656 salsae
1081 2609 1184 2645 artis
1227 2620 1348 2657 quam
1379 2610 1600 2660 dereliquit

131 2658 239 2696 Nero
267 2659 502 2707 utinamque
529 2660 682 2708 inferos
702 2661 843 2709 potius
869 2665 908 2698 et
935 2672 1200 2709 quoscumque
1229 2662 1276 2699 de
1306 2662 1598 2711 suspitioni-

130 2710 220 2749 bus
249 2713 335 2750 suis
355 2712 445 2750 deos
465 2714 742 2760 consuluisset,
773 2725 893 2763 quam
922 2714 1189 2763 lupanaribus
1219 2719 1340 2765 atque
1362 2717 1598 2766 prostitutis
