1823 3000
155 217 212 259 36
748 215 865 259 XXI
927 220 1036 258 1—5

826 334 965 380 XXI

370 426 414 467 C.
448 425 668 466 PLINIVS
698 425 983 466 CORNELIO
1010 427 1206 466 PRISCO
1239 427 1340 467 SVO
1370 427 1411 468 S.

121 525 136 546 ι
256 505 424 553 Audio
458 507 713 553 Valerium
748 507 1026 554 Martialem
1061 510 1312 556 decessisse
1346 517 1396 555 et
1430 510 1628 557 moleste

158 584 271 632 fero.
341 591 445 631 erat
475 585 617 631 homo
652 586 930 647 ingeniosus
960 592 1129 633 acutus
1152 604 1271 645 acer,
1299 594 1346 634 et
1370 588 1455 650 qui
1486 588 1631 649 pluri-

160 681 294 711 mum
315 666 369 711 in
392 666 640 711 scribendo
655 673 704 711 et
727 666 839 712 salis
862 666 1061 712 haberet
1085 673 1134 713 et
1156 667 1283 713 fellis
1301 683 1388 714 nec
1412 668 1630 730 candoris
1683 671 1711 715 5

121 769 141 790 2
161 745 333 793 minus.
404 752 686 807 prosecutus
710 762 839 791 eram
853 747 1032 792 uiatico
1055 748 1352 793 secedentem
1373 764 1382 794 :
1408 748 1630 793 dederam

161 825 250 871 1100
284 825 538 881 amicitiae,
576 825 799 870 dederam
835 825 980 870 etiam
1014 826 1263 871 uersiculis
1300 842 1418 887 quos
1458 825 1516 871 de
1554 841 1633 871 me

123 927 142 958 3
162 904 442 964 composuit.
512 902 610 948 fuit
633 903 777 948 moris
801 903 991 964 antiqui
1023 918 1102 948 eos
1125 903 1210 963 qui
1232 903 1310 948 uel
1335 903 1632 963 singulorum

162 982 329 1029 laudes
347 983 426 1027 uel
442 983 635 1027 urbium
651 982 938 1042 scripserant
954 987 1038 1027 aut
1051 981 1314 1028 honoribus
1331 988 1416 1027 aut
1431 983 1634 1043 pecunia

163 1078 334 1108 ornare
352 1079 366 1120 3
415 1062 592 1108 nostris
638 1078 752 1108 uero
787 1062 1083 1123 temporibus
1116 1068 1174 1108 ut
1207 1063 1303 1108 alia
1342 1063 1553 1124 speciosa
1585 1068 1634 1108 et
1659 1064 1717 1109 10

165 1142 353 1202 egregia
386 1142 457 1186 ita
497 1141 585 1187 hoc
622 1142 675 1186 in
718 1142 887 1203 primis
927 1142 1152 1188 exoleuit.
1231 1159 1343 1187 nam
1380 1148 1635 1204 postquam

166 1218 393 1264 desiimus
439 1217 595 1264 facere
642 1219 894 1276 laudanda,
943 1219 1129 1264 laudari
1174 1235 1364 1280 quoque
1416 1220 1637 1280 ineptum

126 1326 145 1353 4
167 1303 406 1360 putamus.
477 1299 668 1359 quaeris
708 1300 791 1360 qui
829 1299 929 1344 sint
963 1299 1187 1344 uersiculi
1221 1299 1397 1360 quibus
1430 1301 1635 1360 gratiam

166 1379 367 1424 rettuli‘.l
400 1379 696 1424 remitterem
714 1386 762 1424 te
781 1379 841 1424 ad
859 1379 1018 1440 ipsum
1034 1379 1273 1436 uolumen,
1295 1380 1391 1424 nisi
1405 1381 1635 1440 quosdam

167 1462 403 1502 tenerem:
439 1461 509 1514 tu,
527 1458 568 1501 si
595 1457 868 1518 placuerint
892 1458 954 1515 hi,
976 1464 1156 1505 ceteros
1182 1458 1234 1502 in
1258 1459 1381 1503 libro
1405 1459 1632 1518 requires.
1661 1461 1719 1505 15

127 1565 144 1594 5
167 1537 445 1598 adloquitur
469 1537 678 1594 Musam,
699 1539 897 1583 mandat
921 1545 977 1584 ut
1001 1538 1196 1584 domum
1222 1553 1376 1584 meam
1402 1538 1632 1600 Esquiliis

168 1621 381 1677 quaerat,
409 1617 550 1662 adeat
574 1623 851 1664 reuerenter
874 1635 882 1664 ε

365 1696 448 1741 sed
482 1712 543 1742 ne
576 1702 791 1758 tempore
825 1714 923 1743 non
957 1704 1041 1744 tuo
1081 1699 1310 1744 disertam
1811 1654 1823 1751 i

367 1775 529 1837 pulses
564 1777 697 1822 ebria
730 1779 926 1823 ianuam
962 1779 1157 1824 uideto:

372 1859 495 1898 totos
530 1854 614 1899 dat
648 1855 848 1901 tetricae
883 1856 984 1901 dies
1020 1856 1286 1914 Mineruae,
1662 1863 1724 1909 20

372 1933 488 1978 dum
521 1940 715 1980 centum
751 1935 913 1982 studet
947 1937 1144 1982 auribus
1179 1936 1394 1981 uirorum

368 2013 458 2059 hoc
492 2015 621 2074 quod
654 2016 842 2060 saecula
875 2017 1148 2078 posterique
1182 2016 1367 2077 possint

370 2094 576 2156 Arpinis
610 2111 799 2157 quoque
834 2112 1107 2157 comparare
1141 2097 1331 2141 chartis.

371 2191 500 2220 seras
535 2175 687 2220 tutior
720 2175 813 2220 ibis
845 2175 906 2220 ad
940 2175 1187 2220 lucernas:

372 2255 488 2301 haec
523 2255 640 2300 hora
673 2260 746 2300 est
780 2261 880 2313 tua,
917 2271 1026 2300 cum
1060 2254 1183 2300 furit
1219 2254 1422 2314 Lyaeus,
1664 2257 1724 2303 25
1818 2222 1823 2294 l

253 2350 278 2387 2
309 2348 590 2388 CORNELIO
618 2348 814 2387 PRISCO
841 2351 925 2395 rpr
947 2349 1139 2386 Riccard.
1160 2348 1204 2385 in
1224 2347 1307 2385 incl.
1361 2344 1643 2384 CORNELIO

177 2428 252 2455 om.
273 2419 415 2455 MV‘Da.
613 2417 638 2454 8
667 2414 852 2464 antiquis
870 2418 962 2454 Prs-
1120 2414 1144 2452 9
1174 2411 1426 2451 scribserant
1444 2414 1487 2450 Μ
1820 2436 1823 2497 ⁴

178 2484 229 2521 12
257 2482 455 2521 desiimus
473 2486 583 2530 rpra
637 2482 820 2521 desimus
838 2485 949 2520 MV‘D
1003 2480 1232 2519 desinimus
1254 2486 1290 2519 5·
1423 2478 1474 2516 14
1499 2475 1646 2516 rettuli

177 2548 253 2596 (rei
270 2548 351 2586 tuli
367 2551 403 2587 V
450 2549 573 2587 retuli
591 2551 636 2597 F)
657 2547 912 2587 remitterem
931 2550 1077 2586 MVFS‘
1127 2544 1342 2585 retulerim
1360 2542 1570 2582 mitterem
1588 2545 1647 2581 Dr

176 2612 410 2651 rettulerim
428 2613 681 2652 remitterem
699 2624 757 2661 pa
918 2615 966 2652 15
993 2611 1056 2650 hii
1087 2615 1166 2651 MV
1326 2610 1376 2649 16
1404 2607 1590 2658 esquiljis
1615 2611 1646 2646 F

180 2679 350 2729 esquilis
368 2683 446 2719 MV
499 2679 684 2728 esquillis
702 2684 736 2719 D
788 2679 981 2728 exquiliis
998 2690 1079 2727 pra
