1823 3000
242 207 318 246 144
490 206 775 250 DILIGERE.
835 209 1042 249 AMARE.
1098 210 1230 249 PABI
1267 211 1415 253 IVGO.
1477 193 1706 262 [V‘HII78

239 304 430 350 ornato,
457 309 504 340 ut
522 304 676 352 opinor,
697 308 812 351 apte:
841 304 974 342 ‘nihil
992 309 1151 353 peccat,
1169 307 1252 344 nisi
1273 306 1379 355 quod
1395 307 1506 345 nihil
1527 309 1704 357 peccat‘.

239 366 256 393 1
282 356 333 393 10
361 356 426 403 §5
454 357 878 404 disputat...ornate.
937 355 986 394 16
1013 358 1078 404 §2
1107 369 1249 396 causas
1277 365 1459 406 aqentem
1486 362 1637 399 acriter
1665 363 1705 399 e't

238 409 438 456 ardenter,
462 421 531 446 nec
559 410 691 446 ‘minus
713 410 843 457 polite
869 414 908 446 et
936 411 1125 449 ornate.
1183 423 1210 448 v
1229 412 1280 448 20
1298 414 1318 458 ἓ
1339 412 1362 450 6
1387 413 1496 450 dixit
1517 425 1595 461 pro
1624 414 1702 452 Va-

237 473 332 499 reno
360 462 578 500 Homullus
603 462 735 502 calide
760 463 912 499 acriter
930 463 1048 507 culte,
1068 468 1211 501 contra
1236 465 1437 512 Niyrinus
1454 477 1589 514 presse
1610 478 1704 514 yra-

237 515 347 552 uiter
398 517 582 553 ornate.
659 513 743 551 Cic.
782 513 828 551 in
864 513 970 552 lexx,
1040 515 1216 563 Quintil.
1254 527 1280 554 x
1318 518 1340 556 7
1387 519 1408 564 ἓ
1439 519 1488 555 12
1529 521 1705 558 ornate

237 566 439 615 copiose
467 566 604 604 dicit.

317 642 356 678 P.
387 644 434 678 16
462 639 489 676 1.
515 639 537 675 1
567 649 704 676 MV'rvo
731 650 971 678 mmesnnn
1007 640 1147 681 Plane.
1183 641 1228 680 in
1260 641 1344 681 Cic.
1374 642 1474 683 fam.
1504 654 1532 682 x
1555 644 1604 683 15
1626 643 1700 686 fin.

232 704 374 741 meque
403 694 576 729 mutuo
604 691 801 740 diligas.

316 765 344 802 1.
366 764 388 801 1
421 765 444 801 2
485 776 736 810 DILIGEREM,
772 777 910 802 mna
947 777 1180 805 ABDENTIVS
1218 768 1301 808 Cic.
1340 768 1441 806 fam.
1473 780 1518 807 1x
1552 769 1602 807 14
1632 772 1653 818 ἓ
1681 770 1706 809 5

237 819 329 867 quis
359 823 458 863 erat,
484 819 555 866 qui
579 823 747 866 putaret
772 819 826 855 ad
845 831 933 856 eum
956 832 1137 868 amorem,
1163 833 1277 869 quem
1306 834 1402 870 erqa
1432 827 1468 860 te
1498 823 1705 868 habebam,

229 883 346 920 posse
372 872 534 919 aliquid
558 872 775 908 accedere?
806 877 963 909 tantum
990 875 1169 919 accessit,
1200 880 1246 911 ut
1273 876 1374 912 mihi
1399 887 1505 913 nunc
1533 876 1705 924 denique

237 935 403 961 amare
430 924 588 970 uidear,
613 929 736 961 antea
755 923 1011 963 dilexisse.
1069 926 1303 964 SCHAEFER.
1361 927 1423 965 Pl.
1446 939 1509 976 ep.
1531 940 1571 965 lx
1595 929 1618 966 5
1637 931 1657 976 ἕ
1679 929 1702 966 1

235 978 440 1014 ‘iustitiam
473 982 582 1013 tuam
610 978 938 1024 prouincialibus
970 979 1099 1016 multa
1138 980 1387 1017 humanitate
1426 982 1702 1026 commendas;

235 1031 351 1067 cuius
365 1031 591 1078 praecipua
605 1041 704 1077 pars
724 1035 781 1067 est
802 1031 1123 1068 honestissimum
1141 1044 1332 1081 quemque
1353 1035 1562 1081 complecti
1582 1039 1704 1082 atque

236 1084 299 1120 ita
318 1095 344 1120 a
363 1083 583 1119 minoribus
604 1082 776 1127 amari,
796 1088 841 1120 ut
860 1084 981 1120 simul
999 1085 1297 1133 aprincipibus
1318 1085 1541 1133 diligare.
1573 1085 1705 1124 Other

236 1146 432 1184 passages
451 1134 559 1172 cited
580 1134 632 1183 by
652 1135 813 1172 Nonius
840 1147 880 1184 p.
901 1137 991 1175 421.
1050 1136 1274 1174 Forcelh'ni
1301 1150 1389 1176 amo
1417 1140 1472 1176 ad
1489 1140 1569 1188 fin.
1596 1151 1638 1178 n.
1664 1140 1703 1176 2.

235 1188 457 1226 Doderlein
505 1187 732 1236 Synonym.
779 1200 824 1226 1V
852 1190 902 1228 98
932 1190 992 1228 99.
1052 1188 1197 1228 Wetst.
1230 1202 1286 1228 on
1318 1190 1383 1230 Jo.
1420 1192 1468 1229 11
1496 1193 1520 1229 3
1550 1191 1636 1230 and
1664 1192 1702 1230 5.

238 1240 401 1279 Trench
419 1252 509 1278 new
528 1243 622 1278 test.
645 1252 791 1289 synon.
816 1253 858 1278 n.
881 1242 944 1278 12.

316 1324 468 1350 omen
493 1323 714 1350 socmTATE
744 1312 832 1350 also
851 1312 896 1350 in
917 1312 987 1350 the
1007 1311 1173 1351 defence
1194 1314 1239 1352 of
1254 1314 1410 1352 Bassus
1431 1316 1490 1363 (n.
1503 1326 1559 1353 on
1577 1313 1604 1352 1.
1621 1313 1701 1365 27).

235 1365 288 1404 cf.
309 1377 370 1403 V11
390 1367 440 1403 33
460 1367 480 1412 ξ,
499 1366 537 1402 4.
592 1376 824 1403 ARDENnVs
854 1367 876 1402 2
897 1369 917 1413 ἓ
938 1367 961 1403 4
981 1365 1007 1405 l.
1033 1367 1083 1403 24
1102 1379 1146 1404 n.

318 1441 338 1487 ς
360 1444 384 1478 8
410 1438 438 1476 1.
461 1440 484 1476 3
507 1438 991 1490 ἈΚΟΙΝΩΝΗΤΟΝ
1032 1440 1132 1480 Luc.
1157 1452 1173 1478 1
1193 1442 1320 1481 92-3
1351 1443 1556 1491 omnisque
1570 1447 1698 1491 potes-

237 1512 299 1545 tas
324 1506 329 1556 Ι
354 1506 628 1555 impatiens
657 1509 910 1547 consortis
947 1511 1036 1549 erit.
1098 1508 1179 1548 Cic.
1214 1507 1299 1545 Att.
1331 1519 1375 1544 V1
1409 1509 1432 1545 3
1462 1509 1482 1555 §
1511 1510 1534 1548 7
1564 1509 1699 1546 ‘nullas

233 1572 425 1609 umquam
460 1562 514 1598 ad
546 1574 604 1600 me
639 1562 797 1600 litteras
826 1564 938 1600 misit
969 1563 1236 1607 Brutus‚...in
1272 1562 1416 1610 quibus
1445 1573 1526 1598 uon
1556 1562 1703 1599 inesset

235 1625 441 1661 arrogans,
480 1613 802 1662 ἀκοινώνητον
832 1616 1008 1664 aliquid,
1064 1614 1118 1654 ib.
1144 1615 1164 1651 1
1185 1615 1206 1661 ἓ
1228 1615 1250 1653 7
1278 1615 1566 1651 contumaciter
1591 1626 1701 1652 arro-

234 1671 379 1713 9anter
405 1664 723 1714 ἀκοινωνήτως
749 1669 933 1706 scribere.
991 1667 1108 1706 Stob..
1125 1667 1215 1704 flor.
1235 1677 1331 1703 xmx
1352 1667 1400 1705 17
1421 1666 1701 1704 Anaximenes

234 1718 357 1767 being
385 1719 513 1757 asked
534 1720 588 1769 by
612 1720 714 1769 king
736 1720 938 1758 Phaidros
959 1725 997 1759 τί
1023 1720 1356 1766 ainomehun-rom
1385 1718 1544 1767 replied
1565 1734 1701 1768 τυραν-

235 1773 298 1810 νίς.
355 1772 457 1820 Nep.
477 1784 558 1810 xxv
576 1774 599 1811 5
620 1775 640 1820 ἓ
660 1774 684 1810 4
703 1775 891 1811 utebatur
909 1780 1040 1812 autem
1058 1775 1199 1811 intime
1223 1774 1268 1819 Q.
1290 1773 1520 1819 Hortensio,
1546 1774 1618 1821 qui
1639 1774 1702 1810 his

235 1826 474 1873 temporibus
500 1827 781 1875 principatum
813 1829 1067 1875 eloquentiae
1106 1827 1277 1868 tenebat,
1316 1830 1362 1862 ut
1398 1826 1583 1874 intelleqi
1619 1837 1702 1864 non

226 1883 376 1925 posset,
413 1883 504 1916 uter
536 1891 625 1916 eum
651 1881 744 1927 plus
778 1880 976 1927 diliqeret,
1017 1880 1154 1917 Cicero
1183 1890 1238 1915 an
1264 1878 1522 1923 Hortensius,
1560 1883 1610 1925 et,
1653 1877 1702 1916 id

235 1929 363 1977 quod
404 1933 510 1968 erat
550 1931 932 1979 difficillimum,
983 1930 1261 1977 efficiebat,
1302 1936 1360 1977 ut,
1409 1930 1541 1968 inter
1577 1941 1699 1978 quos

233 1984 405 2020 tantae
449 1983 616 2021 laudis
662 1986 795 2021 esset
842 1984 1129 2031 aemulatio,
1179 1982 1322 2020 nulla
1362 1982 1699 2021 intercederet

233 2034 549 2084 obtrectatio,
582 2043 758 2086 essetque
789 2039 933 2075 talium
959 2039 1139 2075 uirorum
1163 2037 1321 2085 copula.
1378 2035 1568 2074 GESNER.
1626 2036 1700 2074 See

231 2099 346 2126 more
365 2087 410 2125 in
429 2088 535 2128 HSt.

310 2155 338 2193 1.
359 2157 383 2194 3
409 2155 435 2193 4
462 2167 631 2194 NVLLVM
669 2167 902 2204 CERTAMEN,
943 2167 1079 2194 NVLLA
1116 2166 1348 2194 CONTENTIO
1375 2167 1419 2193 V1
1457 2155 1508 2193 13
1545 2157 1565 2203 ἓ
1600 2156 1624 2195 6
1655 2162 1698 2194 tu

232 2213 364 2246 tamen
383 2211 567 2255 aestima,
591 2216 784 2258 quantum
801 2223 871 2248 rios
886 2212 932 2248 in
947 2211 1038 2258 ipsa
1050 2221 1191 2258 puqna
1210 2208 1504 2247 certaminis
1523 2216 1694 2256 maneat,

232 2263 346 2299 cuius
380 2263 497 2311 quasi
526 2263 736 2312 praelusio
774 2270 895 2312 atque
935 2264 1172 2312 praecursio
1219 2264 1292 2300 has
1338 2261 1700 2300 contentiones

231 2316 445 2353 excitauit.

309 2388 337 2428 1.
362 2389 387 2427 4
413 2401 507 2427 mm
536 2401 631 2428 IVGO
662 2389 752 2429 Sen.
775 2401 837 2438 ep.
863 2389 938 2429 109
958 2391 979 2438 ἕ
999 2389 1048 2428 16
1077 2389 1185 2427 illud
1203 2389 1479 2426 dulcissimum
1504 2393 1542 2426 et
1563 2389 1696 2426 hones-

231 2442 430 2480 tissimum
451 2444 581 2481 ‘idem
598 2444 703 2482 uelle
723 2449 845 2492 atque
865 2443 971 2480 idem
988 2442 1112 2480 nolle'
1138 2443 1298 2490 sapiens
1317 2442 1495 2490 sapienti
1514 2446 1696 2490 praesta·

232 2496 318 2533 bit.-
351 2497 555 2543 eyreqium
580 2508 677 2545 opus
705 2496 814 2544 pari
841 2495 956 2544 iugo
984 2496 1112 2533 ducet.
1170 2494 1324 2532 CORTE.
1382 2493 1651 2532 Translatum
1671 2505 1696 2531 a.

231 2546 430 2585 iumentis
453 2547 622 2595 iunctis,
651 2560 754 2596 quae
777 2560 873 2586 cum
900 2547 1064 2596 aequali
1088 2547 1132 2585 ui
1158 2546 1364 2594 nituntur,
1388 2546 1533 2594 iugum
1551 2548 1695 2584 manet

230 2600 402 2647 aequale
429 2603 470 2639 et
489 2601 664 2649 angulos
691 2613 812 2649 pares
837 2612 869 2640 s.
893 2603 1028 2639 rectos
1058 2599 1111 2638 ad
1130 2603 1355 2647 utrumque
1382 2599 1495 2637 latus
1513 2598 1696 2637 temonis

230 2651 370 2691 efficit.
418 2653 605 2695 Gnsnssn.
665 2654 837 2693 Theocr.
854 2664 917 2692 ΧΠ
938 2654 986 2692 15
1007 2652 1199 2701 ἀλλήλους
1220 2651 1251 2691 δ’
1271 2655 1465 2702 ἐφίλησαν
1485 2654 1557 2702 ἴσῳ
1575 2651 1693 2703 ζυγῷ.

1816 2072 1823 2265 .———-—.-
