1823 3000
209 223 286 262 122
495 220 752 260 mBERVM
786 221 909 262 Esr.
974 205 1347 259 ΦΙΛΟΚΑΛΟΟ.
1484 219 1668 270 [vrrs-1

209 330 287 368 quo
315 322 546 366 expectatus
575 317 903 366 desideratusque
938 319 1074 357 urbem
1104 323 1214 356 tuam
1242 319 1443 366 inyressus
1480 316 1547 355 es!
1597 325 1670 364 yes

208 371 397 409 marched
431 370 522 408 into
557 370 604 416 it,
646 369 828 407 whereas
868 381 973 419 your
1007 371 1290 419 predecessors
1327 380 1443 407 came
1479 368 1525 406 in
1561 365 1671 406 their
1748 369 1751 371 ’

210 422 371 469 sedans,
401 422 530 460 borne
557 423 703 460 umeris
733 424 945 461 hominum.
1000 423 1119 462 None
1138 435 1242 461 were
1267 420 1496 460 restrained
1520 420 1575 468 by
1594 431 1668 468 age

210 487 257 513 or
285 474 430 513 health
466 487 512 512 or
545 487 614 512 sex
645 474 754 512 from
784 474 964 524 feasting
993 476 1103 514 their
1135 488 1227 525 eyes
1257 487 1313 513 on
1343 474 1416 512 the
1445 470 1669 511 unwonted

211 527 346 566 show:
374 527 511 575 babes,
534 539 632 564 men
654 526 700 564 in
724 527 834 565 their
855 528 998 576 prime,
1022 528 1276 577 greybeardS‚
1301 538 1460 564 women
1485 523 1671 564 crowded

210 580 283 619 the
301 579 411 618 roofs
426 580 508 617 and
523 582 682 627 streets,
703 592 838 618 scarce
856 580 1018 630 leaving
1035 593 1153 619 room
1171 585 1215 619 to
1234 592 1345 629 paSS,
1367 582 1441 618 cet.
1502 579 1550 616 23
1579 577 1672 615 You

211 632 396 671 received
414 632 484 670 the
511 638 698 670 senators
722 632 824 670 with
849 645 874 671 a
891 633 990 682 mss,
1024 633 1243 672 addressed
1269 635 1355 671 sine
1382 632 1572 670 monitore
1601 629 1672 668 the

213 685 324 724 chief
345 685 515 734 knights
533 685 587 734 by
606 696 740 732 name,
769 686 964 724 marched
983 686 1126 734 slowly
1144 689 1188 724 to
1207 686 1279 724 the
1303 684 1469 733 capitol,
1495 682 1672 721 without

212 750 238 777 a
263 737 370 786 body
396 737 536 786 guard,
571 737 829 776 surrounded
854 738 909 786 by
937 741 1123 778 senators
1151 738 1232 777 and
1261 737 1446 786 knights.
1501 735 1552 774 60
1579 736 1671 773 urbi

211 793 395 840 uotisque
418 792 595 839 publicis
623 791 818 828 redditus.
874 791 1030 840 Prayer
1054 792 1119 830 for
1151 803 1175 830 a
1203 791 1343 840 happy
1366 790 1496 837 reign,
1528 800 1583 826 on
1606 786 1673 826 his

212 843 423 882 accession
445 843 522 894 (Pl.
545 855 606 891 ep.
629 855 656 880 x
677 844 729 890 1).

291 919 354 965 §⁷
380 917 407 957 1.
433 917 482 954 24
511 928 652 955 MAGNA
678 928 867 955 cfflsAms
894 929 993 956 LAVS
1020 917 1067 955 in
1101 916 1337 966 apposition
1370 917 1413 954 to
1442 914 1515 954 the
1542 913 1673 953 whole

213 970 352 1009 clause
370 983 418 1008 ne
438 971 740 1009 aduentu...est.
803 970 865 1008 Cf.
888 982 903 1008 1
925 972 973 1010 19
993 973 1013 1018 5
1035 972 1056 1007 1
1083 982 1250 1017 magnae
1281 976 1321 1008 et
1343 981 1486 1017 yraues
1511 979 1667 1006 causae.

213 1035 312 1073 pan.
333 1024 384 1061 82
407 1024 534 1072 foeda
558 1024 706 1071 facies.
762 1022 996 1072 Nipperdey
1026 1035 1081 1060 on
1119 1023 1218 1060 Tac.
1248 1034 1315 1061 an.
1349 1034 1365 1058 1
1394 1023 1457 1061 27.
1517 1021 1675 1068 Driiger

217 1077 334 1125 Synt.
357 1075 451 1115 Tae.
478 1077 498 1122 ἓ
518 1076 540 1114 ’ἲ
546 1077 581 1115 7.
630 1075 790 1114 Kmom.
832 1076 989 1124 Drager
1013 1075 1114 1114 hist.
1138 1076 1256 1124 Synt.
1277 1076 1309 1112 1²
1329 1075 1405 1114 669
1431 1074 1523 1113 670.
1568 1073 1673 1112 Iust.

213 1139 373 1168 xxxvrn
394 1129 416 1166 1
437 1131 457 1176 ξ
478 1129 514 1166 5.

295 1211 367 1237 svn
396 1199 419 1235 5
448 1199 511 1246 §5
541 1199 567 1238 1.
593 1200 616 1237 3
642 1211 684 1239 n.
732 1211 919 1238 mnnnm
948 1200 970 1236 1
1003 1201 1067 1247 §8
1092 1199 1122 1237 1.
1143 1201 1195 1237 20
1221 1211 1262 1239 n.
1304 1211 1400 1248 pan.
1424 1200 1474 1236 23
1494 1197 1522 1236 f.
1553 1197 1677 1247 (after

214 1251 287 1292 the
324 1252 578 1301 procession)
615 1254 710 1290 inde
747 1258 793 1290 tu
828 1254 875 1290 in
904 1254 1111 1301 palatium
1147 1254 1320 1302 quidem,
1358 1252 1428 1290 sed-
1463 1263 1506 1289 eo
1540 1253 1674 1297 uultu,

216 1318 265 1344 ea
291 1305 575 1350 moderatione,
604 1311 651 1343 ut
677 1307 714 1343 si
740 1307 953 1354 priuatam
982 1306 1139 1343 domam
1162 1311 1343 1354 peteres;
1379 1306 1502 1342 ceteri
1530 1305 1584 1341 ad
1604 1315 1675 1353 pe-

215 1364 329 1396 nates
348 1370 436 1395 suos
463 1359 643 1406 quisque,
674 1359 846 1396 iteratus
873 1359 1168 1406 aaudiifidem,
1189 1359 1259 1395 ubi
1288 1357 1430 1395 nulla
1457 1356 1676 1394 necessi-

216 1413 294 1449 tas
331 1409 578 1458 gaudendi
616 1413 702 1449 est.
762 1411 813 1448 24
853 1410 1067 1448 liberum
1108 1413 1183 1448 est
1228 1409 1548 1458 ingrediente
1593 1420 1678 1457 per

217 1462 472 1513 publicum
514 1463 744 1511 principe
784 1464 995 1501 subsistere
1030 1475 1233 1501 occurrere
1270 1464 1456 1500 comitari
1493 1463 1677 1510 praete·

216 1516 328 1555 rire.
388 1517 438 1553 48
467 1517 606 1564 itaque
633 1528 713 1554 non
741 1517 819 1554 alii
848 1521 886 1553 et
913 1518 1080 1553 attoniti
1109 1528 1179 1554 nec
1206 1521 1252 1553 ut
1274 1516 1503 1564 periculum
1529 1515 1678 1563 capitis

217 1570 374 1607 adituri
406 1569 612 1613 tarditate,
641 1569 711 1606 sed
737 1570 866 1606 securi
887 1574 924 1606 et
945 1570 1108 1614 hilares,
1138 1581 1226 1606 cum
1250 1569 1488 1606 conmzoa'um
1512 1573 1570 1604 est
1589 1579 1679 1605 con-

216 1624 425 1665 uenimns;
459 1626 497 1658 et
515 1623 744 1660 admittente
768 1622 957 1670 principe
984 1622 1186 1659 interdurn
1213 1627 1270 1659 est
1299 1621 1460 1670 aliquid
1485 1621 1591 1669 quod
1608 1631 1679 1657 nos

219 1676 326 1713 domi
373 1672 514 1722 quasi
557 1674 712 1721 magis
757 1673 1099 1711 necessarium
1145 1677 1337 1711 teneat:
1385 1674 1565 1711 excusati
1603 1673 1679 1710 tibi

219 1739 409 1828 {gngger
436 1737 525 1765 nec
553 1737 783 1775 umquam
812 1725 1088 1765 excusandi
1117 1738 1299 1764 sumus.
1357 1726 1408 1765 cf.
1427 1725 1483 1763 ib.
1499 1727 1537 1764 9.
1557 1735 1620 1774 ep.
1639 1735 1679 1763 vn

297 1855 326 1893 1.
348 1854 398 1893 26
427 1845 782 1898 ΦΙΛΟΚΑΛΟΟ
814 1866 840 1893 a
873 1854 1107 1893 ‘virtuosa’
1163 1865 1199 1892 11
1219 1856 1242 1892 3
1265 1856 1284 1902 ἓ
1306 1855 1329 1892 8
1363 1853 1676 1903 ἀφιλόκαλον,

219 1918 505 1964 inlitteratum,
542 1917 650 1953 iners
679 1928 728 1954 ac
752 1929 881 1965 paene
911 1920 1034 1955 etiam
1064 1924 1175 1966 turpe
1203 1923 1260 1955 est
1287 1930 1367 1955 non
1392 1924 1541 1967 putare
1576 1918 1682 1955 tanti

220 1971 498 2018 cognationem,
519 1981 601 2017 qua
618 1970 735 2006 nulla
756 1976 811 2008 est
831 1972 1060 2017 iucundior,
1079 1972 1195 2008 nulla
1217 1971 1442 2020 pulchrior,
1472 1972 1590 2008 nulla
1616 1971 1681 2007 de-

219 2025 342 2072 nique
372 2023 596 2060 humanior.
655 2021 756 2058 used
779 2022 824 2060 of
843 2034 867 2060 a
891 2023 982 2060 love
1001 2023 1046 2060 of
1068 2023 1200 2060 virtue
1222 2021 1343 2073 (Plat.
1367 2023 1468 2060 Luc.
1489 2022 1591 2070 pise.
1613 2023 1676 2062 20.

222 2076 305 2113 Cic.
328 2074 429 2112 fam.
449 2085 501 2111 xv
521 2073 584 2124 19)
607 2073 690 2111 and
718 2073 762 2110 of
787 2074 952 2124 display
972 2077 1013 2122 (a
1038 2075 1212 2113 Murat's
1238 2075 1353 2124 pride
1381 2074 1424 2112 in
1452 2074 1684 2113 handsome

220 2139 414 2176 weapons
433 2126 536 2164 Xen.
558 2126 644 2163 Ael.
666 2138 705 2163 u.
723 2126 764 2166 h.
789 2139 842 2165 111
861 2129 926 2166 24.
972 2128 1155 2177 opposed
1172 2131 1215 2166 to
1235 2140 1259 2165 a
1285 2128 1366 2176 fop,
1393 2128 1682 2174 καλλωπιστής,

220 2180 276 2228 by
303 2179 463 2229 Isocr.).
520 2178 695 2227 Gorgias
727 2179 787 2226 (in
822 2180 987 2230 Sauppe
1019 2183 1140 2218 oratt.
1175 2192 1208 2217 11
1240 2181 1315 2217 130
1345 2183 1382 2221 a)
1415 2183 1683 2228 φιλοκάλου

223 2235 383 2282 εἰρήνης.
439 2231 546 2269 HSt.
577 2235 810 2280 φιλοκαλέω,
853 2236 1021 2278 -οκαλία,
1061 2235 1230 2272 -όκαλος,
1285 2232 1376 2270 Add
1402 2234 1445 2270 to
1473 2235 1685 2281 φιλοκαλία.

224 2285 349 2323 schol.
375 2283 503 2322 Thuc.
529 2295 562 2321 11
581 2285 632 2322 40
652 2286 672 2331 ξ
694 2287 712 2322 1
746 2289 814 2333 (on
834 2285 906 2323 the
931 2285 1184 2323 memorable
1209 2285 1328 2323 boast
1346 2285 1390 2323 of
1415 2285 1596 2323 Perikles
1623 2291 1685 2334 φι-

222 2340 463 2384 λοκαλοῦμεν
490 2336 575 2384 μετ’
605 2339 824 2385 εὐτελείας).
881 2337 1021 2386 Gierig
1048 2350 1260 2387 compares
1285 2349 1345 2375 vu
1365 2338 1416 2376 54
1442 2339 1507 2386 §3
1536 2339 1683 2376 delica-

225 2397 301 2429 tae.
362 2389 443 2428 Cic.
475 2389 590 2426 Verr.
617 2400 660 2426 1v
685 2391 706 2437 ἓ
727 2391 802 2429 126
831 2391 1161 2439 elegantissimus,
1208 2392 1390 2429 delicati.
1447 2390 1552 2430 Gell.
1585 2401 1631 2428 XI
1659 2391 1684 2428 2

224 2444 287 2491 §2
324 2442 447 2490 (from
481 2441 601 2490 Cato)
637 2447 908 2492 ‘sumptuosus
937 2444 1105 2492 cupidus
1133 2444 1390 2492 eleyans’...§
1412 2443 1436 2481 3
1465 2455 1513 2481 ex
1540 2444 1686 2492 quibus

223 2496 357 2534 uerbis
375 2501 544 2544 apparet
562 2497 782 2542 eteyantem
806 2497 959 2534 dictum
977 2497 1159 2544 antiquis
1178 2508 1258 2534 non
1275 2497 1326 2534 ab
1346 2497 1504 2544 inyem'i
1529 2497 1685 2544 eleyon-

225 2551 297 2595 tia,
340 2547 422 2585 sed
454 2547 537 2594 qui
572 2546 724 2585 nimis
758 2547 892 2586 lecto
928 2560 1232 2596 amoenoque
1267 2548 1407 2587 cultu
1443 2548 1686 2596 uictuque

225 2603 373 2638 esset.
430 2599 574 2637 Cicero
601 2599 656 2637 ib.
677 2602 698 2647 ἓ
716 2600 742 2637 4
771 2601 939 2638 Crassus
958 2606 1046 2639 erat
1067 2602 1330 2650 parcissimus
1357 2599 1685 2650 elegantium,

225 2653 424 2692 Scaeuola
435 2664 651 2702 parcorum
669 2652 1095 2702 elegantissimus.
