1823 3000
212 204 290 243 124
598 203 847 245 STATUES
884 201 955 242 OF
992 202 1289 244 SCHOLABS.
1526 203 1626 254 [VH
1643 205 1669 242 8

209 296 380 346 buying.
435 295 602 335 Martial
622 294 706 347 (ΧΠ
724 296 814 344 190)
839 294 961 333 could
981 295 1081 344 only
1102 295 1236 334 afford
1261 307 1287 333 a
1311 293 1602 342 compendium
1624 295 1672 334 of

210 351 358 387 Liuius
384 351 538 398 ingens.
592 349 722 386 Varro
749 350 874 386 wrote
901 349 948 386 de
975 349 1223 386 bibliothecis
1255 346 1431 399 (Bitschl
1455 359 1594 396 opusc.
1613 359 1667 387 m

210 403 302 440 452.
357 402 408 441 cf.
432 401 540 440 Plin.
560 412 641 439 xm
658 403 702 448 §5
721 401 906 451 68—70).

288 482 315 521 1.
343 484 367 520 3
395 493 566 519 mm
594 492 839 526 summanr,
868 492 1040 519 mm
1067 493 1276 520 marsim
1303 493 1322 519 1
1341 481 1390 520 16
1418 482 1483 529 §8
1512 480 1573 533 (of
1595 480 1668 520 the

210 540 308 583 poet
344 534 566 582 Pompeius
604 533 871 582 Saturninus)
908 547 1034 583 neque
1072 537 1177 572 enim
1212 536 1328 573 debet
1363 535 1545 583 operibus
1582 536 1667 573 eius

211 589 340 625 obesse
360 588 467 636 quod
491 588 612 625 uiuit.
668 599 724 624 an
750 588 786 623 si
815 588 922 624 inter
939 599 1001 624 eos
1029 599 1126 636 quos
1154 599 1369 635 numquam
1395 587 1573 624 uidimus
1591 587 1667 636 flo-

210 642 369 686 ruisset,
401 651 500 677 non
529 639 687 676 solum
713 638 871 676 libros
900 639 1008 676 eius
1036 651 1211 677 uerum
1238 638 1393 677 etiam
1419 638 1669 687 imagines

211 691 656 740 conquireremus?
710 691 766 728 ib.
789 693 837 731 17
866 690 1048 729 Titinius
1072 691 1218 740 Capito
1241 691 1319 729 has
1346 691 1540 729 obtained
1557 691 1670 731 leave

211 745 320 782 from
339 744 410 782 the
429 755 616 792 emperor
634 746 678 782 to
696 744 813 792 place
832 743 877 781 in
896 743 967 782 the
986 744 1122 781 forum
1148 756 1172 782 a
1192 747 1328 782 statue
1347 743 1393 781 of
1413 744 1461 782 L.
1484 743 1664 784 Silanus,

211 800 232 845 ς
260 798 283 834 2
322 803 378 835 est
406 799 563 835 omnino
595 798 786 846 Capitoni
816 799 862 834 in
893 809 970 834 usu
997 796 1161 834 claros
1194 796 1328 834 uiros
1361 796 1537 836 colere.
1593 799 1615 845 ς
1645 798 1669 835 3

211 849 394 887 mirum
422 852 498 887 est
528 861 623 897 qua
649 848 908 897 religione,
942 861 1038 897 quo
1067 848 1238 887 studio
1274 848 1525 897 imagines
1552 849 1668 887 Bru-

212 905 392 949 torum,
432 902 742 946 Cassiorum,
774 901 1019 939 Catonum
1052 901 1200 947 domi,
1240 901 1326 939 ubi
1370 904 1550 950 potest,
1590 900 1670 940 ha-

210 955 340 993 beat.
395 955 486 992 Iuv.
506 966 568 992 v11
590 955 640 993 29
660 966 702 992 n.
760 954 870 992 Suet.
901 953 987 992 Cal.
1015 956 1065 991 34
1096 955 1166 992 sed
1202 959 1239 991 et
1275 953 1471 1002 Vergili
1507 960 1545 992 et
1583 955 1670 992 Titi

212 1009 313 1045 Liui
345 1010 497 1056 scripta
527 1013 565 1045 et
594 1005 842 1055 imagines
872 1009 1040 1055 paulum
1069 1008 1178 1056 afuit
1203 1008 1302 1055 quin
1326 1019 1374 1044 ex
1399 1008 1577 1045 omnibus
1606 1006 1670 1044 bi-

212 1059 495 1098 bliothecis
522 1065 736 1103 amoueret,
761 1071 926 1108 quorum
945 1061 1117 1096 alterum
1137 1059 1291 1108 [Verg]
1316 1065 1361 1096 ut
1386 1060 1539 1097 nullius
1560 1061 1670 1108 inqe-

212 1115 275 1151 ‘nii
306 1115 570 1161 minimaeque
599 1113 1063 1160 doctrinae...ca1pebat.
1123 1112 1216 1150 Sen.
1246 1123 1309 1160 ep.
1333 1112 1384 1150 64
1411 1112 1474 1160 §9
1502 1113 1671 1150 multum

213 1172 390 1214 efferunt,
421 1167 491 1214 qui
521 1171 615 1202 ante
648 1167 919 1213 ⁷1osfuemtnt,
947 1165 1016 1201 sed
1051 1176 1126 1201 non
1150 1171 1401 1212 pereyerztnt.
1457 1163 1668 1211 suspici-

213 1218 332 1256 endi
369 1223 536 1256 tamen
574 1222 695 1255 sunt
731 1222 780 1255 et
816 1216 922 1254 ritu
959 1216 1165 1254 deorum
1204 1215 1420 1254 colendi.
1487 1215 1670 1264 quidni

214 1282 302 1319 ego
338 1281 634 1318 magnorum
672 1269 900 1307 uirorum
937 1272 984 1306 et
1013 1268 1262 1317 imagines
1297 1268 1512 1307 habeam
1546 1268 1669 1307 inei-

214 1326 444 1362 tamenta
477 1322 634 1360 animi
670 1326 716 1360 et
748 1322 951 1359 natales
988 1321 1440 1370 celebrem?...quam
1466 1333 1670 1360 uenera-

216 1376 407 1414 tionem
430 1377 757 1424 praeceptoribus
779 1376 873 1412 meis
895 1375 1024 1422 debeo,
1048 1375 1213 1412 eandem
1237 1376 1323 1411 illis
1343 1375 1670 1423 praeceptoribus

215 1430 370 1476 ,qeneris
392 1430 607 1466 humani...
640 1430 660 1475 ἓ
682 1429 731 1464 10
758 1427 792 1464 if
818 1428 838 1464 I
868 1438 932 1464 see
961 1439 985 1464 a
1011 1427 1170 1470 consul,
1196 1427 1217 1463 I
1235 1426 1463 1471 dimount,
1482 1426 1580 1464 bare
1599 1438 1672 1476 my

215 1481 336 1525 head,
366 1481 486 1518 make
514 1492 622 1528 way:
653 1481 752 1529 quid
780 1483 900 1527 erqo?
954 1481 1140 1517 Marcum
1169 1479 1359 1517 Catonem
1393 1486 1605 1528 utrumque
1632 1486 1672 1517 et

215 1535 405 1572 Laelium
430 1535 658 1581 Sapientem
685 1545 773 1570 cum
798 1533 970 1570 Platone
997 1537 1035 1570 et
1062 1533 1262 1570 Zenonem
1291 1533 1599 1580 Cleanthemque
1626 1534 1673 1570 in

216 1589 393 1624 animum
413 1598 537 1623 meum
555 1588 640 1623 sine
661 1585 895 1633 dianatione
920 1597 1071 1622 summa
1089 1586 1311 1633 recipiam?
1366 1597 1435 1633 eqo
1459 1597 1554 1622 uero
1579 1586 1671 1622 illos

215 1651 382 1677 ‘ueneror
409 1645 447 1676 et
476 1640 600 1675 tantis
628 1639 853 1675 nominibus
882 1650 1033 1685 semper
1059 1638 1243 1683 adsumo.
1300 1636 1381 1676 Cic.
1416 1640 1519 1675 orat.
1549 1639 1570 1685 ς
1596 1638 1672 1674 110

219 1693 277 1742 (to
305 1691 474 1740 Brutus)
504 1689 864 1728 Demosthenes
892 1689 1261 1739 quidem—euius
1289 1702 1416 1738 nuper
1441 1691 1548 1727 inter
1573 1692 1674 1728 ima-

216 1746 328 1792 9ines
350 1750 440 1781 tuas
460 1755 507 1781 ac
529 1749 750 1788 tuorum—,
775 1743 880 1791 quod
906 1755 1005 1787 eum,
1032 1743 1158 1789 credo,
1182 1754 1480 1780 amares—cum
1498 1743 1553 1780 ad
1573 1748 1609 1780 te
1627 1744 1674 1780 in

220 1797 490 1835 Tusculanum
515 1797 721 1841 venissem,
752 1794 1019 1843 imaginem
1046 1806 1100 1832 ex
1127 1806 1236 1832 aere
1264 1795 1354 1832 uidi
1382 1797 1457 1832 cet.
1513 1794 1568 1832 ad
1585 1795 1671 1833 Att.

218 1861 261 1887 1v
282 1850 369 1897 105
390 1850 411 1885 1
440 1849 643 1886 malo...in
662 1849 739 1886 illa
759 1853 831 1885 tua
849 1849 1047 1891 sedecula,
1068 1859 1189 1895 quam
1208 1848 1324 1885 habes
1345 1846 1432 1884 sub
1459 1846 1675 1895 imagine

217 1901 531 1947 Aristotelis,
562 1902 696 1938 sedere
729 1912 850 1949 quam
887 1901 930 1937 in
962 1902 1127 1938 istorum
1158 1901 1260 1937 sella
1291 1901 1439 1937 curuli.
1494 1900 1668 1946 Atticus,

218 1954 356 1992 father
381 1954 422 1990 of
447 1953 632 1990 Herodes
651 1953 826 1997 Atticus,
847 1952 966 1989 when
991 1952 1044 1990 he
1065 1963 1164 1998 gave
1183 1951 1251 1988 his
1271 1963 1348 1989 son
1366 1954 1410 1990 to
1429 1951 1501 1990 the
1520 1964 1614 1990 care
1631 1953 1675 1991 oi

220 2006 504 2054 Skopelianos,
535 2004 719 2043 admired
745 2004 835 2042 him
869 2016 914 2042 as
942 2004 1013 2042 the
1042 2004 1308 2042 Thessalians
1340 2016 1441 2042 once
1470 2004 1542 2042 did
1573 2005 1674 2043 Gor-

218 2058 309 2106 gias
330 2058 539 2108 (Philostr.
566 2057 682 2105 soph.
707 2069 724 2094 1
744 2059 792 2094 21
813 2059 833 2104 ξ
854 2058 916 2106 13)
948 2058 1083 2096 ὁπόσοι
1108 2059 1200 2104 ’γοῦν
1218 2059 1294 2094 τῶν
1319 2059 1445 2095 πάλαι
1470 2058 1580 2107 ῥητό
1589 2072 1676 2106 ρων

220 2113 364 2159 ἑρμαῖ
398 2111 516 2157 ἦσαν
554 2113 602 2148 ἐν
638 2111 733 2148 τοῖς
768 2112 846 2156 τῆς
884 2111 1037 2148 οἰκίας
1085 2111 1290 2158 δρόμοις,
1332 2109 1484 2148 ἐκέλευε
1519 2113 1676 2150 τούτους

219 2165 441 2212 βάλλεσθαι
470 2165 588 2201 λίθοις
621 2163 668 2201 ὡς
702 2163 950 2209 διεφθορότας
982 2162 1087 2209 αὐτῷ
1116 2164 1183 2199 τὸν
1211 2160 1302 2199 υἱόν.
1358 2161 1467 2200 Tert.
1495 2162 1604 2210 apol.
1623 2163 1675 2202 46

222 2217 286 2267 (cf.
309 2218 358 2254 14
377 2216 403 2255 f.
435 2215 478 2253 of
504 2214 805 2263 philosophers,
834 2226 917 2262 esp.
943 2214 988 2252 of
1006 2214 1208 2261 Socrates)
1229 2215 1406 2262 facilius
1435 2214 1671 2254 statuis..

219 2274 527 2307 remunerantur
549 2279 668 2316 quam
689 2268 743 2304 ad
768 2268 915 2304 bestias
937 2268 1271 2316 pronuntiantur.
1327 2266 1378 2304 cf.
1400 2266 1471 2305 the
1489 2266 1609 2305 busts
1629 2268 1675 2305 in

221 2321 386 2370 Trinity
416 2320 582 2368 library.
642 2319 709 2357 On
744 2318 910 2356 Varro’s
947 2320 1169 2365 imayinum
1207 2320 1300 2356 libri
1337 2331 1383 2356 or
1420 2320 1676 2358 hebdomades

223 2373 344 2424 (Gell.
363 2385 416 2411 111
437 2373 515 2420 10),
540 2385 565 2410 a
583 2371 929 2420 portrait-gallery
947 2371 990 2408 of
1009 2373 1032 2410 7
1034 2371 1086 2409 00
1105 2371 1238 2408 Greek
1256 2371 1340 2409 and
1357 2372 1521 2409 Roman
1539 2374 1669 2420 poets,

221 2426 408 2471 authors,
434 2425 628 2469 scholars,
649 2424 803 2472 artists‚
826 2423 1022 2471 generals,
1046 2426 1274 2461 statesmen
1298 2424 1344 2461 in
1367 2425 1416 2462 15
1434 2423 1576 2469 books,
1596 2436 1679 2463 one

221 2479 265 2516 of
299 2477 583 2516 introduction
614 2477 716 2514 with
744 2477 794 2513 14
821 2477 1018 2524 portraits
1044 2475 1128 2513 and
1157 2477 1206 2513 14
1234 2475 1477 2524 containing
1502 2477 1554 2516 49
1581 2488 1672 2525 por-

220 2530 343 2569 traits
370 2529 483 2574 each,
512 2529 614 2567 with
640 2541 697 2567 an
724 2529 907 2576 epigram
937 2527 1110 2579 (Symm.
1132 2540 1195 2576 ep.
1217 2540 1233 2565 1
1252 2529 1295 2565 2:
1324 2531 1405 2566 two
1424 2540 1493 2566 are
1519 2531 1675 2574 extant,

219 2584 267 2621 in
285 2583 389 2621 Gell.
409 2594 462 2620 111
482 2583 530 2619 11
557 2581 640 2620 and
662 2582 770 2618 Non.
789 2593 829 2629 p.
851 2582 944 2627 528)
975 2580 1059 2618 and
1086 2581 1355 2629 explanatory
1372 2583 1460 2619 text
1485 2580 1550 2619 for
1574 2580 1676 2619 each

220 2636 397 2684 portrait
417 2647 481 2674 see
499 2634 662 2673 Ritschl
679 2645 817 2682 opusc.
839 2644 892 2671 111
909 2634 1078 2673 452-4.
1102 2634 1308 2673 507—592
1330 2632 1447 2681 (with
1467 2633 1524 2672 its
1541 2633 1678 2673 model
