1823 3000
121 234 146 273 3
166 233 210 284 4]
394 229 732 272 POMPONIVS.
789 228 989 269 WORKS
1029 228 1100 269 OF
1137 228 1320 271 PLJNY.
1550 231 1601 272 79

120 325 367 367 sometimes
397 326 442 364 of
473 325 525 363 24
557 331 713 363 turmae
754 324 847 375 (960
875 334 987 368 men,
1023 322 1156 361 called
1193 323 1411 371 miliaria),
1453 322 1600 361 distin-

119 380 298 430 guished
333 380 388 428 by
418 391 443 418 a
480 389 605 416 name
640 377 769 416 taken
807 377 915 415 from
952 376 1026 414 the
1053 375 1242 424 founder,
1275 376 1360 414 and
1388 376 1498 414 from
1529 377 1600 415 the

118 433 222 472 land
248 433 295 472 in
316 431 452 470 which
471 431 504 470 it
524 443 609 468 was
635 429 855 478 quartered
882 442 928 468 or
949 429 1035 468 had
1057 428 1367 477 distinguished
1385 428 1500 467 itself
1519 441 1595 479 e.g.

119 489 192 526 ala
211 487 235 524 1
254 488 409 524 Flauia
427 487 611 532 Auyusta
629 485 879 522 Britannica
907 483 1168 533 (Marquardt
1186 482 1242 520 ib.
1263 482 1451 535 456—7).

197 551 227 591 1.
255 552 308 590 20
351 562 537 590 Pomom
569 561 748 588 snchm
793 550 840 588 P.
871 550 1131 599 Pomponius
1170 550 1386 589 Secundus
1423 550 1600 590 accused

117 604 221 645 with
251 604 440 650 Seianus,
469 603 569 652 kept
596 603 642 641 in
670 603 846 652 custody
873 603 939 641 till
967 604 1039 642 the
1067 603 1194 642 death
1222 604 1268 642 of
1294 604 1498 651 Tiberius,
1537 608 1598 644 set

117 658 203 697 free
230 657 287 708 by
320 657 451 696 Gaius
482 669 563 695 Aa).
586 657 636 696 37
668 656 826 694 DCass.
852 668 925 694 nx
951 658 974 696 6
1008 658 1086 705 52.
1144 657 1241 696 Tac.
1266 669 1333 697 an.
1359 670 1387 696 v
1406 659 1445 696 8.
1491 670 1536 696 VI
1556 660 1591 697 8.

118 712 170 750 18
188 711 216 751 f.
276 710 408 749 Gaius
426 709 544 748 dines
563 712 608 748 at
627 709 696 748 his
714 709 847 748 house
866 709 975 748 Plin.
996 722 1067 748 xiv
1085 713 1105 759 5
1126 711 1176 751 56
1208 709 1338 762 (great
1358 714 1447 749 eost
1467 711 1513 749 of
1529 711 1599 749 old

116 764 235 812 wine,
260 763 462 812 counting
489 763 683 802 interest:
718 765 846 801 nobili
877 766 1054 813 exemplo
1083 766 1289 803 docuimus
1318 765 1597 803 referentes

116 816 275 856 uitam
293 816 538 865 Pomponi
560 816 777 855 Secundi
796 815 933 855 uatis
958 829 1175 867 cenamque
1191 830 1314 867 quam
1326 819 1513 867 principi
1528 820 1596 856 illi

116 871 241 908 dedit.
272 881 335 907 vn
353 872 374 917 5
394 871 445 908 80
472 871 519 908 in
544 870 820 919 Pomponio
847 871 1052 908 consulari
1073 876 1209 919 poeta.
1264 881 1347 909 xm
1366 874 1387 920 5
1405 872 1457 909 83
1486 873 1598 920 apud

113 922 442 972 Pomponium
461 923 756 969 Secundum,
779 928 916 962 uatem
938 925 1145 974 ciuemque
1165 925 1448 973 clarissimum,
1468 926 1594 974 uidi).

114 976 260 1014 consul
284 989 323 1015 α.
345 977 396 1014 44
425 978 537 1026 [nam
560 977 716 1016 DCass,
743 979 767 1016 l.
787 989 819 1016 c,
844 978 1062 1015 secundum
1090 990 1205 1026 quem
1230 979 1461 1016 consulatus
1489 979 1594 1016 inci·

115 1030 225 1068 deret
243 1031 290 1068 in
308 1042 346 1069 a.
372 1030 437 1078 31,
469 1035 543 1068 aut
570 1032 739 1077 errauit,
773 1036 857 1077 aut,
891 1031 999 1080 quod
1026 1032 1156 1079 mayis
1182 1032 1436 1079 crediderim,
1469 1032 1595 1070 uerba

111 1082 201 1131 μεθ’
222 1082 413 1122 ὑπατείαν
440 1088 631 1132 corrupta
655 1089 774 1121 sunt:
804 1095 874 1121 nec
893 1085 1022 1132 mayis
1042 1090 1146 1122 recte
1173 1086 1212 1122 ei
1231 1085 1465 1123 attribuisse
1492 1086 1595 1123 Bor-

110 1137 293 1185 9he3ium
317 1148 406 1186 opp.
431 1148 460 1173 v
483 1138 533 1176 97
560 1149 641 1186 seq.
675 1149 824 1174 annum
854 1138 903 1175 23
932 1149 1060 1186 nuper
1088 1138 1307 1176 docuerunt
1326 1139 1435 1187 fasti
1462 1139 1594 1177 Arua-

114 1190 216 1228 lium
240 1191 352 1238 apud
379 1191 616 1228 Henzenum
644 1202 681 1238 p.
709 1189 772 1229 96.
833 1202 903 1237 eqo
933 1192 1133 1228 consulem
1160 1192 1251 1240 suff.
1282 1203 1322 1229 α.
1343 1192 1395 1228 44
1422 1197 1516 1230 noto
1544 1204 1595 1230 ex

111 1243 233 1280 titulo
251 1244 518 1281 Henzeniano
544 1242 650 1281 6445
679 1243 784 1281 hunc
812 1245 943 1292 ipsum
972 1256 1052 1282 esse
1074 1250 1221 1290 statuo,
1243 1257 1332 1282 cum
1350 1247 1596 1294 praesertim

102 1295 243 1345 frater
270 1297 356 1334 eius
380 1297 555 1344 Quintus
577 1298 714 1346 fasces
744 1299 921 1335 tenuerit
949 1309 987 1336 α.
1013 1298 1096 1346 41].
1156 1297 1317 1346 legatus
1344 1297 1595 1337 Germaniae

112 1348 336 1397 superioris
355 1361 393 1389 a,
412 1350 474 1388 50.
518 1349 674 1398 accepit
695 1354 943 1388 ornamenta
963 1349 1240 1400 triumphalia
1261 1351 1357 1390 Tac.
1377 1363 1440 1388 ΧΠ
1456 1353 1506 1390 27
1525 1353 1589 1392 28.

110 1413 136 1440 a
164 1401 296 1451 tragic
323 1406 421 1452 poet
448 1414 511 1440 vn
541 1404 590 1443 17
618 1405 640 1451 5
670 1404 732 1443 11.
793 1403 901 1443 Plin.
930 1403 975 1442 h.
1002 1415 1045 1444 n.
1073 1403 1115 1443 ll.
1145 1416 1202 1444 ce.
1264 1404 1438 1452 Quintil.
1463 1417 1543 1443 vin
1570 1406 1594 1443 3

110 1456 217 1502 531.
258 1466 285 1492 x
305 1456 327 1493 1
356 1457 444 1504 598
465 1468 507 1494 n.
557 1456 654 1496 Tac.
679 1468 724 1494 XI
751 1456 812 1495 13.
841 1456 892 1496 ef.
917 1469 943 1494 v
963 1459 1000 1497 8.
1052 1469 1115 1495 xn
1141 1458 1203 1497 28.
1229 1457 1268 1497 d.
1296 1460 1358 1495 13.
1406 1457 1591 1497 Ribbeck

109 1510 215 1557 trag.
238 1520 344 1549 rom.
368 1508 441 1548 fr.²
460 1509 632 1548 231—2.
654 1511 744 1550 286.
805 1510 1037 1550 ΜΟΜΜΞΕΝ.
1099 1510 1257 1549 Teuffel
1276 1514 1296 1560 5
1315 1512 1394 1549 284
1415 1513 1451 1552 7.

109 1585 496 1676 §lsngffmm'rnn
523 1587 568 1614 1v
597 1576 645 1615 15
679 1576 744 1624 51
773 1588 876 1614 amo.
921 1587 939 1614 1
969 1577 1019 1614 22
1050 1577 1116 1626 51
1150 1578 1293 1626 diliyo.
1332 1577 1441 1618 Iten.
1476 1588 1520 1616 Π
1541 1577 1593 1616 12

178 1655 188 1665 .
278 1640 329 1666 ic.

189 1695 255 1743 54
281 1693 308 1734 1.
334 1696 384 1733 21
421 1707 646 1734 BELLORVM
676 1708 918 1735 GERMANIAE
956 1710 983 1736 v
1007 1698 1032 1736 8
1061 1699 1081 1746 5
1109 1697 1408 1737 5'historias
1436 1704 1475 1737 et
1503 1700 1591 1749 qui-

109 1747 199 1786 dem
221 1749 527 1796 religiosissime
551 1752 730 1800 scripsit.
792 1751 906 1790 Suet.
931 1750 1022 1789 m‘ta
1049 1751 1111 1791 Pl.
1145 1750 1314 1804 (almost
1333 1751 1379 1790 in
1397 1752 1531 1791 words
1550 1752 1596 1791 of

109 1799 226 1848 text).
287 1800 384 1842 Tac.
421 1814 491 1842 an.
532 1814 550 1841 1
583 1804 632 1843 69
671 1805 802 1842 tradit
833 1804 879 1842 C.
918 1802 1130 1853 Plinius,
1175 1805 1592 1844 Germanicorum

109 1851 356 1893 bellorum
384 1855 616 1905 scriptor.
678 1856 839 1905 Symm.
865 1869 927 1906 ep.
958 1869 1002 1895 1v
1031 1859 1080 1897 18
1101 1858 1129 1898 f.
1163 1861 1310 1907 enitar,
1343 1860 1380 1897 si
1402 1860 1492 1910 sors
1522 1872 1592 1898 uo·

111 1912 197 1946 tum
213 1909 343 1954 iuuet,
365 1911 489 1947 etiam
516 1909 655 1948 Plini
685 1910 902 1949 Secundi
932 1910 1233 1950 Germanica
1260 1912 1394 1951 bella
1422 1914 1586 1963 conqui-

107 1971 211 2000 rere.
268 1960 383 2002 Suet.
408 1961 496 2003 Cal.
521 1963 544 2001 1
567 1962 684 2015 (cites
702 1963 764 2004 Pl.
790 1976 845 2003 on
864 1963 937 2003 the
954 1963 1187 2014 birthplace
1207 1965 1252 2004 of
1270 1965 1391 2015 Cal).

186 2031 218 2072 1.
238 2034 289 2072 23
317 2034 370 2072 24
398 2047 483 2074 cvm
503 2047 550 2074 m
570 2048 787 2076 Gnnmu
805 2049 1036 2077 narniam:
1064 2038 1107 2077 h.
1123 2051 1166 2078 n.
1187 2051 1258 2078 XVI
1283 2042 1304 2088 5
1325 2041 1348 2078 2
1374 2046 1469 2078 sunt
1494 2053 1590 2079 uero

110 2090 150 2124 et
183 2086 237 2124 in
274 2089 629 2137 septentrione
671 2091 813 2129 uisae
854 2091 1006 2130 nobis
1035 2092 1354 2131 Chaucorum
1393 2095 1583 2143 [gentes]

110 2138 178 2178 On
195 2139 270 2178 the
288 2141 394 2189 conj.
421 2154 489 2181 see
506 2154 569 2180 vn
591 2145 640 2183 19
661 2145 681 2191 5
703 2145 766 2182 11.
801 2145 853 2183 30
873 2147 893 2192 5
912 2146 936 2183 5
966 2158 1090 2195 quam
1111 2159 1222 2192 sane,
1259 2158 1370 2185 cum
1400 2159 1589 2196 compo-

110 2203 280 2294 ζὲξξω
323 2196 433 2242 illos,
472 2196 598 2235 habui
634 2198 682 2236 in
716 2199 917 2237 manibus.
978 2199 1183 2250 Kennedy
1218 2211 1261 2250 p.
1285 2201 1377 2240 466.
1434 2200 1590 2249 Zumpt

246 2258 288 2287 n.

189 2311 219 2350 1.
240 2313 292 2351 24
320 2325 478 2354 somno
503 2327 685 2355 nom‘rvs
714 2328 732 2355 1
752 2318 802 2356 18
830 2317 888 2369 (to
909 2317 1151 2370 Suetonius)
1174 2320 1194 2367 5
1216 2319 1238 2356 1
1264 2321 1407 2358 scribis
1436 2325 1472 2357 te
1495 2331 1590 2368 per-

112 2366 300 2404 territum
329 2369 523 2407 somnio
559 2372 694 2408 uereri
720 2383 770 2409 ne
800 2373 902 2421 quid
932 2373 1096 2410 aduersi
1122 2375 1168 2410 in
1198 2374 1357 2410 actione
1389 2374 1588 2421 patiaris,

109 2430 230 2467 rogas
259 2424 306 2457 ut
333 2421 574 2460 dilationem
594 2430 784 2472 petam...
816 2427 838 2472 5
859 2426 882 2462 2
909 2427 1035 2475 refert
1056 2432 1203 2471 tamen,
1233 2431 1431 2464 euentura
1458 2426 1588 2464 soleas

111 2483 168 2510 an
203 2475 414 2512 contraria
455 2476 718 2517 somniare.
778 2479 883 2516 mihi
914 2480 1123 2528 reputanti
1162 2478 1409 2517 somnium
1446 2491 1587 2525 meum,

110 2525 225 2562 istud
242 2526 351 2574 quod
378 2528 491 2566 times
512 2533 557 2566 tu
579 2531 782 2578 eyreyiam
804 2533 1004 2569 actionem
1024 2533 1263 2580 portendere
1288 2533 1466 2570 uidetur.
1522 2533 1544 2580 5
1563 2533 1587 2570 3

110 2589 362 2626 susceperam
389 2591 553 2619 causam
579 2583 677 2620 Iuni
696 2584 882 2622 Pastoris
912 2597 999 2623 cum
1028 2585 1131 2622 mihi
1157 2586 1382 2633 quiescenti
1412 2586 1505 2622 uisa
1531 2590 1590 2624 est

111 2642 248 2669 socrus
279 2643 369 2670 mea
399 2634 596 2672 aduoluta
625 2638 790 2684 ⁸‹qe-nibus
820 2648 870 2675 ne
904 2649 1063 2686 ayerem
1089 2638 1306 2677 obsecrare.
1366 2650 1393 2676 v
1412 2639 1436 2677 5
1456 2639 1542 2686 555
1563 2639 1587 2678 6

113 2683 160 2722 C.
178 2682 370 2723 Fannius
396 2684 558 2726 dreamt
580 2687 675 2727 that
700 2689 812 2728 Nero
838 2692 903 2728 sat
923 2689 1066 2742 onhis
1090 2689 1183 2740 bed,
1211 2689 1296 2730 and
1315 2690 1468 2730 turned
1491 2703 1589 2730 over
