1823 3000
88 663 126 694 18

90 1150 127 1179 19

90 1544 130 1565 20

144 234 200 275 10
695 230 741 274 V
800 230 981 276 17-V1
1043 234 1064 274 l

143 332 467 378 minutissime
506 332 732 392 scriptos3
786 347 881 392 qua
916 331 1103 376 ratione
1149 331 1500 392 multiplicatur
1537 331 1616 377 hic

145 427 386 458 numerus.
447 412 683 456 referebat
714 412 815 471 ipse
850 411 1062 471 potuisse
1098 426 1160 467 se,
1198 427 1308 455 cum
1339 416 1617 471 procuraret

146 492 199 537 in
224 492 478 552 Hispania,
505 492 712 537 uendere
735 492 821 537 hos
846 492 1213 537 commentarios
1244 491 1412 536 Larcio
1447 491 1617 537 Licino

147 571 513 632 quadringentis
554 571 750 616 milibus
795 587 1063 627 nummum,
1112 576 1161 616 et
1196 576 1312 616 tunc
1369 571 1619 632 aliquanto

148 652 392 711 pauciores
416 654 567 695 erant.
638 665 798 694 nonne
826 649 1022 694 uidetur
1052 651 1144 694 tibi
1177 650 1448 695 recordanti
1471 666 1620 712 quan·
1674 653 1702 698 5

148 736 253 776 tum
277 730 460 790 legerit,
482 738 717 790 quantum
742 729 997 789 scripserit,
1025 745 1112 774 nec
1136 729 1186 774 in
1210 730 1374 775 officiis
1397 730 1510 775 ullis
1532 745 1620 775 nec

147 811 201 856 in
240 811 451 856 amicitia
486 810 716 870 principis
756 809 914 865 fuisse,
954 825 1132 868 rursus,
1176 826 1285 855 cum
1320 810 1459 856 audis
1502 810 1619 871 quid

148 890 320 936 studiis
366 890 543 935 laboris
595 889 882 949 inpenderit,
947 904 1034 933 nec
1086 889 1326 949 scripsisse
1371 890 1488 935 satis
1534 904 1621 934 nec

148 970 351 1029 legisse?
420 969 536 1030 quid
574 975 646 1014 est
682 969 808 1013 enim
848 968 975 1028 quod
1015 984 1112 1013 non
1158 975 1242 1013 aut
1278 969 1390 1014 illae
1423 984 1618 1029 occupa--

149 1051 306 1094 tiones
329 1049 544 1109 inpedire
578 1053 665 1092 aut
695 1047 810 1092 haec
840 1047 1074 1092 instantia
1097 1064 1194 1092 non
1225 1048 1376 1108 possit
1399 1048 1618 1094 efficere‘l
1646 1054 1705 1099 10
1760 1047 1767 1051 ’

150 1129 315 1188 itaque
338 1127 463 1173 soleo
487 1127 655 1182 ridere,
683 1142 791 1171 cum
815 1142 892 1170 me
916 1127 1110 1186 quidam
1138 1128 1406 1172 studiosum
1430 1132 1618 1184 uocant,

150 1209 248 1269 qui,
280 1208 320 1252 si
339 1222 584 1267 comparer
618 1207 706 1262 illi,
734 1222 840 1251 sum
866 1206 1277 1252 desidiosissimus.
1348 1222 1434 1267 ego
1458 1211 1619 1252 autem

150 1291 358 1342 tantum,
384 1301 527 1346 quern
551 1284 728 1345 partim
753 1284 944 1344 publica
967 1284 1145 1344 partim
1179 1284 1439 1329 amicorum
1469 1285 1622 1330 officia

151 1366 480 1426 distringunt‘l
546 1365 655 1424 quis
679 1364 869 1409 existis
899 1364 983 1424 qui
1013 1369 1118 1408 tota
1152 1365 1255 1409 uita
1291 1364 1465 1411 litteris
1499 1365 1622 1411 adsi-

152 1447 269 1492 dent
293 1446 495 1492 collatus
518 1445 592 1489 illi
627 1460 725 1489 non
757 1445 893 1504 quasi
926 1460 1090 1489 somno
1122 1450 1171 1490 et
1205 1445 1407 1491 inertiae
1431 1447 1622 1494 deditus
1648 1448 1706 1494 15

152 1525 436 1571 erubescat?
491 1523 691 1568 extendi
731 1523 1001 1583 epistulam,
1039 1539 1147 1568 cum
1182 1523 1270 1569 hoc
1304 1526 1458 1570 solum
1493 1526 1623 1586 quod

151 1604 427 1664 requirebas
445 1603 650 1648 scribere
675 1602 1000 1658 destinassem,
1018 1619 1138 1663 quos
1163 1603 1310 1649 libros
1328 1605 1621 1666 reliquisset:

152 1682 337 1728 confido
361 1687 524 1726 tamen
547 1681 662 1726 haec
686 1697 875 1742 quoque
898 1681 990 1726 tibi
1013 1698 1108 1727 non
1134 1684 1294 1728 minus
1316 1689 1454 1743 grata
1478 1700 1623 1744 quam

151 1760 280 1821 ipsos
311 1761 458 1806 libros
485 1760 667 1816 futura,
702 1777 825 1821 quae
862 1767 912 1806 te
939 1776 1036 1806 non
1073 1766 1264 1806 tantum
1299 1762 1360 1807 ad
1399 1762 1623 1823 legendos

152 1855 231 1886 eos
246 1856 414 1885 uerum
429 1841 575 1886 etiam
593 1840 654 1886 ad
669 1840 824 1886 simile
847 1840 1032 1901 aliquid
1057 1840 1397 1887 elaborandum
1421 1847 1624 1903 possunt
1647 1843 1708 1888 20

151 1919 487 1966 aemulationis
510 1920 719 1966 stimulis
741 1920 965 1968 excitare.
1036 1920 1154 1966 uale.

852 2051 933 2098 VI

392 2156 438 2196 C.
477 2155 699 2195 PLINIVS
734 2155 908 2194 ANNIO
949 2155 1168 2195 SEVERO
1208 2155 1310 2194 SVO
1351 2156 1394 2195 S.

253 2239 333 2285 Ex
377 2239 646 2286 hereditate
692 2255 814 2300 quae
859 2238 981 2283 mihi
1026 2238 1226 2284 obuenit
1270 2239 1366 2284 emi
1409 2239 1624 2301 proxime

235 2357 257 2394 1
286 2354 571 2394 minutissime
599 2359 740 2395 MVrS·
887 2354 1188 2393 minutissimis
1215 2359 1278 2394 1³1)
1429 2356 1620 2395 Riccard.

153 2434 212 2470 pa
426 2424 450 2461 3
483 2423 636 2461 Larcio
664 2434 693 2470 p
747 2421 895 2461 Lartio
923 2425 981 2461 Fa.
1048 2421 1217 2459 Laertio
1244 2433 1268 2460 r
1335 2425 1486 2468 Largio
1514 2425 1625 2461 MVD

153 2490 342 2529 Riccard.
379 2495 415 2530 ς·
483 2489 652 2528 Laertio
679 2500 704 2528 r
791 2488 938 2526 Licino
965 2491 1043 2526 MV
1107 2486 1270 2525 Licinio
1297 2491 1360 2526 Π)
1431 2489 1625 2527 Riccard.

154 2568 235 2604 pra
454 2555 477 2594 6
505 2558 713 2604 quantum
744 2553 956 2603 scripserit
986 2566 1062 2592 om.
1096 2557 1174 2592 MV
1363 2554 1412 2593 16
1439 2565 1535 2592 cum
1562 2557 1625 2592 Η)

154 2622 347 2662 Riccarcl.
379 2632 432 2660 ra
477 2621 673 2669 quamuis
710 2625 828 2660 MVS-
980 2620 1032 2657 23
1080 2619 1253 2657 ANNIO
1300 2632 1375 2658 om.
1405 2623 1627 2664 MVFDpra

156 2691 226 2728 ‘in
254 2690 388 2726 indice
417 2690 684 2738 epistularum
714 2689 816 2726 libro
844 2688 921 2725 ΠΙ
939 2689 1163 2737 praemisso
1199 2687 1504 2725 Riccardianus
1541 2686 1624 2725 An-
