1823 3000
141 234 197 274 30
612 235 753 279 XVII
815 236 1068 279 l—XVIII
1128 240 1155 280 3

142 331 362 377 cessant?
396 347 458 376 an
491 332 652 378 omnia
686 338 829 390 recte,
857 334 938 378 sed
973 339 1234 394 occupatus
1270 348 1319 378 es
1354 332 1442 377 tu‘l
1476 347 1540 377 an
1563 335 1619 377 tu

142 426 240 455 non
263 416 536 471 occupatus,
558 413 639 457 sed
658 413 839 457 occasio
860 413 1100 458 scribendi
1122 413 1201 458 1161
1227 429 1335 457 rara
1351 411 1431 457 uel
1454 411 1617 458 nulla?

102 515 119 535 2
143 491 300 536 exime
324 491 452 536 hunc
475 492 595 536 mihi
620 494 912 553 scrupulum,
947 494 1025 539 cui
1057 510 1142 554 par
1166 509 1266 539 esse
1290 509 1389 537 non
1411 507 1618 553 possum,

144 569 303 615 exime
333 575 496 615 autem
524 571 602 615 uel
627 571 742 615 data
769 587 912 631 opera
943 572 1194 617 tabellario
1226 572 1401 616 misso:
1442 585 1529 630 ego
1551 569 1622 614 ui-

143 649 337 707 aticum,
365 665 451 710 ego
476 651 621 695 etiam
645 651 912 711 praemium
932 651 1068 709 dabo,
1095 652 1291 696 nuntiet
1325 650 1446 695 mihi
1481 649 1621 695 modo
1676 654 1703 699 5

102 754 120 783 3
144 730 272 790 quod
311 735 436 790 opto,
508 730 610 790 ipse
646 730 799 788 ualeo,
846 730 888 775 si
927 730 1088 776 ualere
1131 736 1204 776 est
1241 745 1526 791 suspensum
1571 733 1621 775 et

143 810 345 854 anxium
390 810 571 863 uiuere,
610 816 948 870 expectantem
989 811 1036 855 in
1081 811 1222 856 horas
1270 811 1622 871 timentemque

143 905 229 949 pro
265 889 420 949 capite
454 890 742 935 amicissimo
786 889 1023 951 quidquid
1066 890 1278 936 accidere
1325 890 1510 935 homini
1544 906 1622 952 po-

144 974 250 1013 test.
313 969 429 1015 uale.

781 1082 978 1127 XVIII
1647 1081 1706 1126 10

376 1182 420 1222 C.
467 1182 691 1222 PLINIVS
735 1182 901 1221 CVRIO
944 1181 1163 1222 SEVERO
1208 1182 1310 1221 SVO
1352 1181 1396 1222 S.

104 1295 120 1316 1
246 1269 470 1315 Officium
494 1270 771 1316 consulatus
800 1270 1019 1315 iniunxit
1052 1270 1174 1315 mihi
1209 1275 1265 1315 ut
1299 1269 1370 1315 rei
1404 1268 1622 1330 publicae

144 1348 339 1393 nomine
373 1349 579 1409 principi
614 1350 795 1410 gratias
831 1365 1032 1409 agerem.
1104 1348 1232 1408 quod
1266 1364 1352 1408 ego
1377 1349 1429 1393 in
1453 1355 1623 1393 senatu

145 1442 254 1472 cum
278 1427 340 1472 ad
364 1428 600 1473 rationem
626 1435 674 1474 et
698 1429 789 1474 loci
813 1434 862 1474 et
885 1428 1116 1489 temporis
1140 1444 1201 1473 ex
1224 1444 1355 1473 more
1389 1428 1618 1485 fecissem,

146 1507 270 1552 bono
294 1507 390 1553 ciui
415 1509 925 1554 conuenientissimum
951 1509 1133 1554 credidi
1155 1508 1320 1554 eadem
1344 1508 1428 1553 illa
1452 1509 1620 1568 spatio·
1648 1515 1705 1560 15

103 1613 123 1634 2
145 1588 244 1632 sius
281 1592 330 1632 et
370 1587 565 1633 uberius
607 1588 854 1633 uolumine
896 1588 1144 1648 amplecti,
1180 1587 1405 1648 primum,
1444 1593 1503 1633 ut
1539 1588 1623 1632 im-

146 1667 357 1727 peratori
401 1674 566 1713 nostro
612 1669 822 1714 uirtutes
879 1684 992 1714 suae
1049 1670 1178 1714 ueris
1235 1668 1458 1714 laudibus
1504 1683 1624 1713 com-

147 1746 514 1804 mendarentur3
549 1747 736 1803 deinde,
767 1752 824 1792 ut
854 1747 1009 1792 futuri
1044 1747 1282 1807 principes
1314 1762 1411 1791 non
1435 1746 1572 1806 quasi
1596 1761 1625 1790 a

147 1827 390 1887 magistro,
417 1828 498 1872 sed
521 1833 685 1873 tamen
710 1829 799 1873 sub
824 1827 1044 1888 exemplo
1069 1830 1508 1888 praemonerentur,
1529 1841 1625 1886 qua

105 1936 123 1966 3
148 1907 451 1967 potissimum
475 1909 557 1953 uia
580 1914 774 1968 possent
798 1909 858 1954 ad
881 1909 1081 1954 eandem
1105 1908 1307 1969 gloriam
1331 1907 1437 1955 niti.
1509 1923 1624 1952 nam
1647 1910 1708 1957 20

149 1986 420 2048 praecipere
445 1989 600 2048 qualis
636 2004 737 2034 esse
773 1989 944 2034 debeat
978 1990 1200 2050 princeps
1231 1988 1488 2049 pulchrum
1522 1987 1626 2048 qui-

148 2066 270 2125 dem,
309 2068 391 2112 sed
427 2084 680 2113 onerosum
715 2085 770 2114 ac
808 2085 955 2129 prope
997 2070 1257 2129 superbum
1295 2073 1369 2114 est
1379 2085 1392 2126 3
1426 2068 1625 2113 laudare

148 2162 264 2192 uero
299 2146 537 2207 optimum
572 2147 835 2208 principem
868 2164 924 2193 ac
952 2164 1038 2209 per
1068 2148 1156 2193 hoc
1193 2147 1398 2208 posteris
1426 2147 1564 2192 uelut
1599 2163 1624 2193 e

149 2226 339 2286 specula
372 2226 537 2271 lumen
572 2227 698 2287 quod
734 2233 996 2288 sequantur
1037 2227 1287 2273 ostendere
1323 2227 1450 2272 idem
1499 2226 1626 2272 utili-

150 2331 305 2370 Iulium
338 2331 588 2370 Seruianum
623 2332 770 2370 uocat!
829 2332 1106 2372 SERVIANO
1136 2335 1166 2371 Ρ
1196 2333 1428 2371 Catameus
1455 2343 1484 2371 a.
1538 2331 1623 2372 SE-

151 2399 399 2438 VERIANO
429 2403 576 2447 MVps·
628 2399 914 2438 FERVIANO
947 2404 1006 2439 Dr
1189 2401 1239 2439 26
1268 2399 1468 2448 epistolae
1485 2402 1521 2438 V

153 2468 176 2505 5
204 2467 372 2506 nuntiet
408 2467 515 2505 mihi
551 2467 675 2505 modo
712 2470 790 2506 MV
824 2468 1016 2506 Riccard.
1103 2466 1271 2505 nuntiet
1307 2465 1431 2504 modo
1467 2468 1627 2512 FDpS‘a.

151 2534 304 2572 nuntia
323 2533 447 2572 modo
473 2546 499 2573 r
658 2535 681 2572 8
710 2533 908 2582 quicquid
933 2537 998 2573 V'P
1140 2534 1188 2571 11
1219 2533 1385 2572 CVRIO
1407 2531 1624 2572 SEVERO

154 2599 256 2640 SVO
290 2604 373 2648 Ppr
428 2601 646 2641 SEVERO
680 2601 781 2640 SVO
815 2605 926 2640 MVD
983 2600 1164 2641 SERVO
1200 2600 1302 2641 SVO
1331 2611 1381 2640 a:
1413 2599 1620 2638 ‘Riccard.

153 2670 199 2708 in
220 2669 306 2708 ind.
328 2668 500 2708 Viuium
523 2669 721 2710 Seuerum
742 2669 887 2709 uocat!
