1775 3010
162 216 238 256 226
422 216 620 257 RECTE.
677 216 873 256 EXIME.
928 216 1328 256 TABELLARIVS.
1401 216 1580 267 [XVIII
1599 219 1624 256 2

238 312 301 359 §1
332 310 360 349 1.
380 311 432 350 26
450 322 642 349 mmmmm
662 313 818 349 omn?
871 322 916 349 vr
943 311 967 348 2
995 311 1086 359 §10
1112 311 1260 360 ecquid
1284 310 1454 350 omnia
1479 312 1527 349 in
1553 317 1627 351 tua

159 367 295 402 recte
307 367 324 402 ἱ)
360 365 408 402 in
424 376 511 402 mea
529 366 625 402 noui
644 365 765 401 nihil.
805 362 894 403 Ter.
918 363 1048 402 Andr.
1067 364 1144 402 804
1163 364 1266 413 quid
1282 376 1352 402 uos
1367 367 1384 402 ,²
1412 375 1488 412 quo
1500 370 1624 413 pacto

162 417 252 455 hic?
269 418 401 454 satine
420 419 577 454 recte?
614 416 704 454 Liv.
721 427 737 453 1
758 415 807 454 58
826 419 846 464 ς
867 417 890 456 7
908 418 1020 454 satin
1036 418 1147 455 salue
1161 420 1178 455 ἕ
1217 415 1408 454 GESNER.
1446 416 1619 464 Quintil.

159 480 203 507 VI
222 470 247 507 3
265 471 286 517 ξ
305 470 356 506 84
378 470 515 507 Cicero
534 469 677 506 audita
687 469 805 518 salsa
829 469 970 506 Vatini
989 474 1122 515 morte,
1146 481 1234 507 cum
1251 470 1411 507 obuium
1440 469 1626 508 libertum

159 523 246 560 eius
265 523 549 569 interrogasset
571 524 793 559 ‘rectene
813 520 1020 559 omnia?'
1048 522 1200 560 dicenti
1222 521 1407 569 ‘recte,‘
1428 525 1623 560 ‘mortuus

159 572 266 612 estt’
294 575 444 622 inquit.
484 573 638 611 Donat.
661 571 732 624 (on
760 573 850 613 Ter.
880 573 1048 612 Phorm.
1071 585 1105 611 11
1135 575 1156 611 1
1186 574 1236 612 26
1255 575 1325 612 sed
1350 575 1465 612 satin
1489 576 1624 613 omnia

159 639 208 665 ex
225 627 470 674 sententiaZ)
491 627 596 676 quod
615 627 759 674 uulyo:
791 626 960 664 omnia
984 626 1147 664 recte?
1175 625 1230 663 id.
1254 627 1325 674 (on
1354 626 1447 664 Ter.
1468 626 1534 664 ad.
1553 638 1580 664 v
1597 627 1622 665 5

159 679 182 716 2
213 680 238 717 3
268 679 357 718 DE.
393 679 493 728 quid
518 679 599 728 fit.²
638 679 737 727 quid
773 680 936 726 ayitur?
960 678 965 731 Ι
993 679 1070 718 SY.
1103 678 1251 730 recte)
1289 680 1381 717 bene
1413 680 1624 728 respondet

157 733 312 770 recte:
354 731 429 769 hae
458 732 565 769 enim
593 732 924 779 interroyationes
953 733 1000 770 de
1030 733 1158 770 salute
1190 738 1311 780 atque
1342 733 1621 770 incolumitate

157 786 242 822 eius
278 789 384 828 sunt,
423 785 494 833 qui
530 785 816 832 interroqatnr.
870 784 1054 822 Bmsson
1090 784 1210 821 form.
1247 795 1325 821 vm
1363 784 1424 823 65.
1483 783 1619 822 Plaut.

157 835 309 885 Amph.
331 837 420 876 582.
479 835 591 874 Pers.
607 836 682 874 503
703 849 770 884 eqo
789 837 906 875 ualeo
926 840 1070 874 recte.
1125 836 1340 874 Dolabella
1355 836 1401 874 in
1421 836 1502 876 Cic.
1520 835 1620 874 fam.

157 900 201 926 rx
220 889 556 939 951praeterea
580 888 866 927 rectissime
893 895 987 927 sunt
1014 889 1126 938 apud
1154 895 1190 927 te
1219 888 1397 927 omnia.
1454 889 1536 928 Cic.
1560 888 1615 929 ib.

156 953 182 979 x
202 942 253 979 20
264 943 292 982 f.
314 945 351 980 si
371 944 505 980 recte
523 943 617 980 istic
636 943 725 981 erit.
788 941 862 980 See
892 941 1086 980 Scheller.
1144 942 1300 990 symm.
1322 949 1460 990 ep.·111
1482 942 1536 980 40
1553 953 1615 990 pr.

154 996 293 1033 recte
311 994 468 1033 ualeo.
508 995 578 1032 hoc
599 995 705 1032 enim
721 995 923 1032 scribendi
943 1006 1022 1032 esse
1036 995 1287 1044 principium
1305 995 1410 1043 quod
1429 994 1464 1043 [?
1484 1007 1614 1044 quam,

155 1059 203 1085 or
221 1053 279 1086 est
296 1046 480 1096 before2]
499 1048 669 1085 maxime
689 1053 878 1096 expetunt
896 1052 992 1084 uota
1014 1048 1169 1084 lecturi.
1225 1059 1270 1084 1v
1289 1048 1338 1085 23
1366 1053 1402 1085 te
1429 1048 1618 1095 languore

155 1101 331 1138 discusso
356 1100 545 1137 rectius
569 1099 740 1137 ualere
765 1101 949 1148 coynoui.
1005 1099 1069 1137 On
1096 1098 1166 1137 the
1189 1100 1380 1148 gradatio
1405 1111 1452 1137 or
1477 1101 1620 1148 κλῖμαξ

153 1151 254 1191 here
277 1152 415 1201 Gierig
439 1152 540 1190 cites
565 1151 619 1190 ad
643 1150 825 1192 Herenn.
850 1164 894 1190 1v
912 1154 953 1200 ξς
973 1152 1024 1189 34
1043 1152 1107 1189 35.
1151 1151 1322 1200 Quintil.
1347 1163 1392 1189 11
1411 1153 1435 1190 3
1453 1153 1496 1200 §§
1516 1152 1620 1190 54—-

155 1207 218 1245 57.
278 1205 429 1253 Aquila
453 1205 573 1242 Rom.
595 1207 614 1252 ξ
640 1205 692 1242 40
716 1204 816 1242 cites
844 1204 927 1243 Cic.
949 1204 1037 1242 Mil.
1059 1206 1080 1252 ξ
1106 1203 1155 1242 61
1185 1205 1266 1242 and
1293 1207 1334 1253 (a
1360 1204 1525 1242 famous
1549 1216 1612 1244 ex,

154 1257 262 1296 cited
279 1257 334 1306 by
346 1269 473 1306 many
489 1257 569 1295 Gk.
581 1256 871 1307 rhetoricians)
893 1257 1009 1296 Dem.
1035 1256 1085 1296 de
1103 1268 1182 1297 cor.
1203 1260 1223 1305 ἓ
1244 1258 1319 1297 179
1340 1260 1406 1295 οὐκ
1423 1259 1530 1295 εἷπον
1548 1260 1618 1303 μὲν

154 1313 289 1354 ταῦτα,
313 1309 380 1349 οὐκ
407 1313 563 1360 ἔγραψα
593 1311 646 1355 δέ,
677 1311 755 1348 οὐδ’
785 1313 944 1360 ἔγραψα
970 1312 1053 1358 μέν,
1086 1308 1152 1348 οὐκ
1181 1312 1426 1359 ἐπρέσβευσα
1455 1311 1509 1355 δέ,
1539 1308 1616 1348 οὐδ’

155 1365 401 1413 ἐπρέσβευσα
420 1366 502 1410 μέν,
529 1363 596 1401 οὐκ
616 1365 755 1401 ἔπεισα
775 1365 816 1401 δὲ
835 1364 1038 1412 Θηβαίους.
1080 1362 1160 1400 For
1175 1362 1245 1400 the
1263 1362 1483 1410 repetition
1502 1361 1547 1400 of
1562 1375 1618 1402 an

154 1415 204 1456 cf.
229 1416 360 1455 Varro
382 1416 408 1455 l.
429 1416 457 1454 1.
478 1427 522 1454 lx
541 1418 562 1464 ἓ
583 1417 632 1454 23
655 1414 816 1466 (three).
874 1415 978 1456 stat.
1004 1427 1037 1454 S.
1056 1426 1084 1453 v
1102 1416 1126 1452 2
1146 1416 1300 1453 134—s
1322 1415 1458 1464 (four).

231 1505 252 1551 ἓ
283 1508 306 1542 2
339 1507 380 1542 P.
411 1507 459 1542 30
487 1501 515 1542 l.
552 1503 576 1540 3
602 1513 737 1540 Exnm
766 1512 878 1540 mc
905 1512 1005 1540 mm
1033 1513 1270 1540 scnvpvmm
1295 1513 1395 1540 once
1421 1501 1544 1550 again
1568 1501 1614 1541 in

153 1555 214 1594 Pl.
245 1567 289 1593 vr
328 1557 352 1594 8
385 1557 406 1603 ἓ
437 1557 460 1596 7
497 1554 655 1594 exime
686 1555 817 1593 hunc
851 1557 930 1601 illi,
964 1554 1121 1593 exime
1156 1554 1288 1592 hunc
1323 1553 1448 1592 mihi
1485 1566 1613 1594 scru-

154 1609 339 1657 pulum.
397 1608 630 1647 Terentian.
673 1608 828 1646 314—5
869 1609 939 1646 hoc
976 1608 1081 1645 domi
1118 1608 1297 1645 clausum
1326 1608 1511 1653 manebit,
1541 1620 1612 1646 neo

152 1663 283 1700 sinam
310 1663 420 1699 nosci
442 1663 575 1710 prius,
601 1660 605 1710 Ι
632 1660 923 1708 scrupulum
960 1671 1079 1709 quam
1107 1665 1241 1698 uestra
1278 1659 1443 1698 demat
1480 1659 1612 1698 hunc

153 1713 277 1752 mihi
314 1715 528 1752 sententia.
583 1714 686 1762 Aug.
725 1713 823 1751 trin.
861 1724 877 1750 1
914 1714 934 1760 ἓ
970 1713 1023 1750 22
1059 1713 1340 1750 dubitationis.
1394 1712 1421 1750 1.
1456 1713 1482 1750 4
1510 1724 1614 1751 DATA

153 1778 286 1805 OPERA
316 1768 339 1806 9
370 1769 391 1814 ἓ
425 1767 474 1805 19
507 1766 535 1804 1.
570 1766 593 1805 6
625 1778 667 1803 n.
724 1777 980 1803 TABELLAmo
1017 1775 1138 1802 msso
1172 1764 1254 1802 Cic.
1275 1765 1389 1802 Verr.
1419 1776 1454 1802 11
1489 1767 1510 1813 5
1546 1765 1610 1805 64.

152 1819 259 1857 Phil.
281 1831 315 1857 11
334 1821 354 1867 ἓ
374 1821 436 1859 37.
471 1819 570 1856 fam.
596 1829 659 1856 ΣΠ
686 1819 733 1856 12
754 1820 773 1865 ξ
796 1819 832 1856 1.
889 1817 953 1856 On
973 1816 1044 1856 the
1065 1817 1201 1866 postal
1221 1817 1372 1855 service
1391 1817 1523 1863 under
1538 1818 1611 1856 the

153 1872 309 1921 empire
347 1883 413 1910 see
449 1870 691 1919 Marquardt
740 1872 1000 1910 Staatsverw,
1042 1881 1061 1908 1
1096 1871 1316 1910 417—420.
1376 1870 1612 1909 Mommsen

155 1925 330 1963 Staatsr.
351 1924 403 1962 112
422 1925 592 1964 987—9.
648 1923 888 1961 Hirschfeld
916 1922 1338 1971 Verwaltungsgeseh.
1368 1934 1385 1960 1
1412 1924 1609 1963 98—108.

152 1977 406 2016 Hudemann
435 1976 583 2016 Gesch.
613 1975 684 2014 des
713 1979 814 2015 ro'm.
848 1976 1106 2014 Postwesens
1130 1975 1327 2013 wahrend
1354 1975 1425 2013 der
1449 1975 1610 2014 Kaiser·

153 2030 266 2075 zeit2,
286 2029 394 2068 Berl.
417 2030 532 2069 1878.
587 2028 662 2066 We
691 2029 777 2066 still
802 2031 913 2067 want
933 2040 958 2066 a
976 2031 1121 2066 catena
1141 2027 1247 2065 from
1265 2027 1322 2066 all
1340 2028 1612 2078 letters—say

153 2086 196 2121 to
225 2082 296 2121 the
329 2093 403 2129 age
433 2082 476 2119 of
504 2081 802 2120 Boniface—of
828 2092 1024 2130 passages
1050 2080 1228 2128 relating
1255 2083 1298 2118 to
1326 2080 1398 2119 the
1422 2080 1544 2119 mode
1567 2081 1615 2120 of

152 2134 262 2174 their
296 2133 602 2173 transmission.
661 2133 818 2183 Symm.
857 2145 920 2183 ep.
955 2145 972 2171 1
1009 2135 1073 2173 87.
1104 2144 1138 2170 11
1172 2134 1234 2171 54.
1268 2144 1320 2170 ΠΙ
1357 2133 1382 2171 4
1419 2134 1530 2172 decet
1563 2139 1611 2172 ut

152 2190 310 2226 litteras
344 2200 449 2225 meas
474 2189 710 2237 frequenter
742 2188 945 2235 efflayites‚
974 2198 1046 2224 nec
1079 2190 1210 2224 tamen
1245 2187 1444 2233 conuenit,
1484 2191 1532 2224 ut
1563 2188 1609 2225 de

150 2242 314 2279 silentio
342 2252 465 2288 yraue
496 2241 704 2288 quippiam
731 2239 1112 2288 suspiceris...lon9e
1139 2239 1243 2286 afui,
1286 2239 1406 2287 lonqa
1443 2240 1529 2277 otia
1565 2240 1612 2278 in

150 2305 305 2332 secessu
340 2295 449 2331 ruris
487 2294 614 2340 exegi,
654 2290 914 2330 tabellarii
951 2290 1234 2328 defuerunt.
1292 2292 1389 2329 haec
1427 2292 1466 2330 si
1511 2303 1611 2329 uera

145 2347 378 2395 plerumque
396 2351 502 2390 sunt,
524 2350 656 2383 tamen
675 2345 918 2383 assiduitate
938 2344 1089 2381 detrita
1114 2344 1160 2381 in
1184 2344 1388 2381 inuidiam
1410 2344 1610 2382 mendacii

150 2400 378 2436 reciderunt
407 2400 481 2437 cet.
518 2409 544 2435 v
573 2398 636 2436 33.
671 2398 734 2437 61.
767 2398 832 2435 88.
866 2407 945 2434 vnt
974 2397 1040 2434 32.
1096 2395 1211 2433 Hier.
1238 2408 1302 2444 ep.
1338 2397 1362 2434 8
1394 2396 1511 2434 rudes
1540 2397 1610 2434 illi

151 2452 302 2490 Italiae
329 2451 516 2495 homines,
541 2462 636 2498 quos
668 2461 799 2488 cascos
824 2450 984 2487 Ennius
1012 2450 1339 2497 appellat...ante
1369 2449 1534 2486 chartae
1569 2453 1611 2487 et

150 2504 466 2541 membranarum
483 2514 597 2540 usum
615 2508 688 2541 aut
706 2504 752 2540 in
771 2502 966 2540 dedolatis
986 2513 1005 2538 e
1025 2501 1136 2549 liquo
1151 2502 1349 2539 codicillis
1369 2506 1442 2538 aut
1459 2501 1504 2538 in
1522 2512 1608 2539 cor·

152 2557 296 2594 tie-ibus
319 2556 505 2593 arborum
531 2560 667 2593 mutuo
686 2555 949 2604 epistularum
973 2554 1157 2601 alloquia
1179 2554 1448 2591 missitabant.
1503 2553 1608 2591 unde

150 2613 190 2646 et
202 2609 418 2657 portitores
443 2619 580 2646 earum
607 2606 905 2646 tabellarios
933 2612 971 2644 et
995 2608 1208 2654 scriptores
1233 2618 1260 2643 a
1282 2605 1397 2643 libris
1422 2606 1608 2643 arborum

151 2662 338 2699 librarios
363 2671 568 2700 uocauere.
629 2660 678 2698 32
711 2661 732 2698 l
763 2665 808 2698 ut
835 2665 916 2698 tam
940 2670 1115 2709 paruam
1144 2659 1358 2709 epistulam
1384 2658 1604 2703 scriberem,
