1823 3000
185 221 238 260 50
301 220 615 262 PRAESVMO.
670 221 840 262 RATIO
869 222 1120 264 AETATIS.
1179 223 1473 264 RECEPTVI.
1544 225 1653 275 [111

263 316 290 356 1.
317 317 341 354 2
368 318 392 355 3
421 328 528 355 mc
558 328 640 355 nso
671 329 798 355 VITAM
824 329 927 356 voro
952 329 1006 356 ET
1032 329 1304 356 cOGITATmNE
1330 329 1544 356 PRAESVMO
1577 320 1598 367 ς
1630 319 1652 356 1

189 369 230 407 ‘I
261 369 367 408 have
394 381 419 408 a
449 369 650 408 foretaste
673 370 743 415 of,'
774 370 1014 418 ‘forestall,’
1053 371 1296 416 ‘antedate,’
1333 371 1473 420 ‘enjoy
1504 370 1550 408 in
1583 371 1653 410 ad-

183 422 340 461 vance!
396 422 492 462 Sen.
522 422 634 462 bren.
666 422 740 462 uit.
765 423 790 460 4
818 435 900 472 e.9.
927 425 947 471 ἓ
969 425 993 461 2
1019 424 1138 462 diuus
1166 426 1508 472 Auqustus...non
1531 425 1654 462 desiit

186 477 360 524 quietem
386 476 466 513 sibi
488 475 652 524 precari
682 481 720 514 et
749 478 1003 514 uacationem
1032 490 1059 515 a
1086 489 1128 515 re
1151 478 1322 526 publica
1346 482 1483 525 petere
1490 508 1584 516 ......
1591 478 1612 524 ἓ
1630 477 1655 514 4

185 533 302 566 tanta
319 529 414 566 uisa
433 533 490 565 est
509 540 570 566 res
589 529 728 576 otium,
751 534 796 566 ut
816 529 940 573 illam,
962 531 1064 578 quia
1082 541 1158 567 usu
1177 542 1258 567 non
1270 533 1443 578 poterat,
1469 529 1654 577 cogita-

184 580 326 618 tione
352 583 874 628 praesumeret...illum
905 581 1011 620 diem
1043 583 1285 620 laetissimus
1322 583 1539 629 coyitabat,
1577 594 1655 631 quo

183 634 506 682 maynitudinem
523 646 636 671 suam
655 639 829 672 exueret.
877 634 937 673 Pl.
958 646 1020 683 ep.
1042 646 1077 672 11
1098 635 1147 672 10
1166 637 1185 683 ξ
1206 635 1229 673 6
1249 636 1380 672 recita
1399 635 1554 682 saltem,
1578 647 1654 684 quo

183 687 313 735 maqis
335 687 460 724 libeat
479 688 670 734 emittere,
689 692 810 735 utque
831 688 991 725 tandem
1003 689 1211 737 percipias
1229 689 1436 735 gaudium,
1461 688 1568 736 quod
1587 699 1656 736 eqo

184 741 280 777 olim
300 751 376 788 pro
397 744 432 777 te
452 751 532 777 non
552 744 692 777 temere
721 751 997 788 praesumo.
1054 751 1095 777 vl
1117 741 1167 778 10
1185 743 1206 788 ξ
1226 741 1249 778 5
1280 746 1363 778 tam
1379 745 1534 789 parata
1554 741 1656 778 obli-

184 793 254 830 uio
274 797 530 839 mortuorum,
553 797 600 829 ut
619 793 702 841 ipsi
721 793 834 830 nobis
855 793 1063 830 debeamus
1085 795 1206 831 etiam
1225 794 1455 831 conditoria
1475 798 1656 831 extruere

184 846 400 893 omniaque
430 845 617 882 heredum
654 846 785 893 officia
820 857 1156 894 praesumere.
1211 857 1306 894 pan.
1346 846 1395 886 79
1438 846 1655 883 laetitiam.

185 909 248 945 ep.
270 909 313 934 1v
333 897 382 934 15
402 899 423 945 ξ
444 898 492 934 11
521 909 653 935 rerum
672 910 774 947 quas
794 899 964 947 adsequi
985 900 1126 948 cupias
1154 897 1505 947 praesumptio
1535 898 1656 946 (anti-

185 949 385 999 cipation)
408 952 499 999 ipsa
519 951 701 988 iucunda
721 956 792 988 est.
848 962 892 988 lx
913 952 935 988 3
956 953 974 998 ἓ
997 952 1018 988 1
1049 963 1117 1000 eqo
1139 952 1411 989 beatissimum
1428 952 1565 989 iudico
1584 952 1658 1000 qui

185 1003 305 1042 bonae
319 1015 610 1052 mansuraeque
622 1005 762 1052 famae
781 1004 1192 1053 praesumptione
1205 1005 1436 1054 perfruitur
1450 1010 1657 1053 certusque

178 1057 435 1106 posteritatis
455 1068 544 1094 cum
561 1057 711 1106 futura
730 1058 863 1105 ,qloria
882 1059 1007 1094 uiuit.
1065 1057 1235 1094 anmo.
1294 1056 1503 1105 Spartian.
1523 1056 1652 1096 Hadr.

185 1110 210 1146 2
236 1110 299 1157 §9
329 1110 801 1157 praesumptionem
834 1111 996 1158 imperii
1024 1122 1114 1147 mox
1133 1110 1284 1158 futuri.
1347 1109 1502 1147 CORTE.
1561 1109 1656 1148 Sen.

186 1173 251 1211 ep.
274 1162 351 1202 107
372 1163 392 1209 ἓ
412 1163 436 1199 3
457 1163 628 1211 effugere
648 1164 730 1200 ista
750 1174 829 1199 non
842 1169 957 1211 potes
974 1177 985 1201 :
1017 1168 1260 1200 contemnere
1273 1167 1401 1211 potes.
1440 1167 1658 1200 contemnes

186 1220 333 1262 autem,
357 1216 394 1252 si
422 1227 536 1264 saepe
566 1214 874 1263 cogitaueris
902 1221 941 1253 et
955 1216 1105 1264 sutura
1129 1214 1545 1264 praesumpseris.
1600 1213 1656 1252 ib.

186 1268 238 1305 24
260 1269 280 1315 ξ
304 1268 339 1305 1.
398 1267 487 1305 The
506 1267 693 1306 Classical
713 1270 820 1306 term
853 1267 891 1305 is
913 1270 1124 1317 praecipio
1131 1283 1147 1313 ;
1183 1270 1364 1317 anticipo
1392 1267 1429 1306 is
1456 1266 1587 1306 found
1613 1267 1660 1305 in

187 1319 273 1358 this
306 1331 425 1358 sense
456 1332 557 1359 once
590 1319 635 1358 in
667 1320 750 1359 Cic.
782 1321 872 1359 also
900 1321 945 1358 in
973 1321 1034 1359 Pl.
1055 1321 1096 1360 h.
1129 1333 1171 1360 n.
1207 1321 1320 1360 Suet.
1372 1322 1585 1370 antecapio
1613 1320 1659 1358 in

189 1373 290 1413 Sall.
331 1374 520 1423 praefero
548 1373 594 1411 in
612 1373 703 1412 Liv.

266 1439 293 1479 1.
329 1441 353 1478 3
399 1451 682 1478 INGRESSVRVS
711 1451 966 1488 AVIDISSIME,
1009 1452 1060 1477 vr
1090 1452 1256 1478 PRmvn
1294 1441 1342 1478 13
1373 1440 1437 1488 §1
1464 1451 1506 1479 n.
1547 1439 1659 1477 mis-

188 1505 352 1541 surus,
385 1495 459 1531 etsi
481 1505 558 1531 non
577 1494 787 1542 ereyisses.

267 1559 297 1597 1.
319 1560 343 1596 4
372 1570 494 1596 RATIO
522 1569 690 1596 ΑΕΤΑΤΙΒ
720 1560 743 1597 3
765 1560 786 1606 ἓ
808 1559 832 1597 3
851 1559 879 1599 1.
905 1560 968 1598 18.
1003 1563 1012 1580 ‘
1026 1558 1358 1597 consideratione.
1378 1559 1421 1596 of
1439 1559 1541 1608 age‚’
1567 1558 1661 1598 ‘the

187 1612 343 1650 motive
372 1613 435 1660 (or
454 1611 619 1659 elaims)
646 1611 691 1649 of
714 1612 815 1660 age!
869 1612 921 1650 cf.
944 1615 966 1652 7
986 1614 1007 1660 ξ
1029 1612 1052 1651 6
1070 1613 1332 1650 suadentibus
1353 1615 1472 1650 annis
1495 1613 1546 1650 ab
1563 1613 1660 1650 urbe

187 1666 361 1704 secessit.
422 1676 455 1702 11
477 1665 526 1701 14
546 1667 566 1712 ξ
589 1664 637 1701 14
667 1663 703 1715 (Ι
721 1664 855 1702 would
874 1664 1015 1714 gladly
1033 1664 1155 1703 retire
1178 1665 1287 1703 from
1313 1664 1386 1703 the
1410 1664 1564 1715 forum)
1590 1677 1661 1703 nos

190 1724 323 1756 tamen
341 1717 473 1756 adhue
494 1722 531 1755 et
550 1718 714 1755 utilitas
735 1719 953 1756 amicorum
972 1723 1010 1756 et
1037 1717 1169 1756 ratio
1197 1717 1388 1756 aetatis
1415 1723 1596 1756 moratur
1612 1729 1660 1755 ac

187 1773 348 1810 ret1'net.
406 1782 591 1808 ueremur
609 1772 716 1808 enim
741 1783 790 1808 ne
812 1771 920 1819 sorte
946 1783 1027 1808 non
1054 1771 1126 1808 has
1147 1771 1415 1820 indiyvzitates
1434 1772 1660 1819 reliquisse,

188 1824 259 1862 sed
280 1824 451 1861 laborem
460 1823 618 1871 fuyisse
638 1823 865 1862 uideamur.
903 1836 1036 1861 sumus
1059 1830 1191 1861 tamen
1208 1825 1326 1861 solito
1345 1825 1533 1868 rariores,
1555 1824 1662 1872 quod

189 1877 355 1915 initium
376 1881 433 1914 est
449 1876 658 1925 yradatim
677 1877 901 1915 desinendi.

271 1951 476 1979 ΒΕοΕΡΤΠ
505 1951 670 1978 CANERE
705 1943 766 1978 ‘to
794 1939 891 1978 beat
921 1939 1085 1992 (sound)
1115 1951 1140 1978 a
1171 1939 1352 1979 retreat.'
1408 1939 1501 1978 Add
1525 1941 1570 1978 to
1593 1939 1661 1979 LS

194 1993 343 2037 (where
363 2005 431 2030 see
452 1992 496 2030 C.
519 1993 640 2030 Tusc.
670 2005 722 2030 111
744 1995 764 2041 ξ
788 1995 838 2031 33
865 2006 899 2031 r.
921 2006 952 2033 c.
979 2006 1005 2031 a
1029 1995 1203 2031 miseriis
1223 1992 1554 2045 contemplandis)
1577 1993 1658 2032 Cic.

191 2046 299 2085 Phil.
324 2047 371 2083 12
398 2047 462 2094 §8
483 2045 510 2085 f.
572 2045 666 2085 Sen.
692 2058 755 2094 ep.
776 2047 826 2084 56
846 2049 867 2094 g
887 2047 936 2083 11
968 2047 1087 2084 otiosi
1119 2047 1307 2084 uidemur
1339 2052 1377 2084 et
1405 2058 1486 2084 non
1513 2058 1660 2084 sumus.

190 2111 285 2138 nam
303 2100 340 2137 si
373 2100 474 2136 bona
492 2099 580 2148 fide
606 2111 754 2146 sumus,
783 2101 819 2136 si
850 2098 1081 2147 receptui
1109 2098 1396 2145 cecinimus,
1429 2100 1466 2136 si
1484 2100 1663 2147 speciosa

192 2154 486 2191 contemnimus.
548 2150 614 2200 (de
632 2151 695 2189 ira
715 2163 731 2189 1
750 2153 774 2191 9
794 2154 814 2199 ξ
835 2153 858 2189 2
885 2154 1013 2196 miles,
1034 2153 1107 2201 qui
1131 2153 1291 2200 siqnum
1315 2151 1545 2200 receptui
1569 2163 1661 2198 ‘neq-

193 2204 322 2254 zeyit.)
381 2203 556 2252 Quintil.
581 2215 644 2241 ΧΠ
665 2205 713 2241 11
735 2206 755 2252 ξ
774 2205 798 2241 4
829 2203 1184 2252 (recommending
1206 2204 1279 2242 the
1306 2206 1444 2242 orator
1466 2205 1511 2242 to
1538 2203 1661 2242 retire

191 2257 370 2295 betimes
388 2258 496 2294 from
515 2256 587 2295 the
607 2259 745 2305 scene)
765 2262 858 2294 ante
879 2269 1002 2306 quam
1020 2259 1066 2295 in
1086 2259 1158 2295 has
1185 2257 1374 2295 aetatis
1399 2258 1542 2295 ueniat
1560 2257 1660 2295 insi-

193 2311 298 2358 dias,
334 2309 560 2358 receptui
596 2313 741 2348 canet
774 2315 812 2347 et
841 2311 887 2347 in
909 2315 1072 2358 portum
1103 2310 1266 2358 inteyra
1297 2322 1401 2347 naue
1432 2311 1659 2358 perueniet.

194 2362 247 2401 cf.
269 2374 314 2400 1x
333 2363 358 2400 4
383 2365 404 2410 ξ
425 2363 486 2402 11.
547 2361 644 2400 Tae.
665 2361 709 2399 h.
739 2373 773 2399 11
793 2362 854 2401 26.
917 2362 990 2400 Ov.
1018 2362 1098 2400 has
1127 2374 1269 2400 canere
1297 2367 1491 2411 receptus.
1545 2360 1664 2399 With

193 2415 354 2464 Pliny’s
373 2414 507 2454 desire
525 2414 590 2452 for
607 2414 848 2453 retirement
868 2414 920 2452 ef.
941 2414 1099 2452 DCass.
1121 2426 1218 2452 LXIX
1239 2416 1287 2455 19
1310 2414 1519 2464 Sulpicius
1541 2413 1662 2453 Simi-

193 2468 247 2506 lis
265 2467 399 2506 under
422 2467 613 2506 Hadrian
641 2467 794 2516 prayed
820 2469 864 2506 to
891 2467 942 2504 be
970 2467 1151 2505 released
1179 2467 1288 2504 from
1307 2467 1380 2505 the
1402 2468 1664 2517 praefectura

187 2522 390 2570 praetorii
397 2534 412 2566 ;
443 2519 498 2558 he
517 2520 754 2559 afterwards
774 2522 895 2568 spent
915 2531 1037 2558 seven
1063 2532 1081 2568 y
1093 2531 1184 2557 ears
1209 2520 1255 2557 in
1275 2532 1299 2558 a
1318 2523 1494 2568 country
1511 2521 1665 2558 retreat

195 2572 279 2612 and
307 2572 478 2611 ordered
504 2575 549 2611 to
577 2572 627 2612 be
655 2572 864 2611 inscribed
892 2585 948 2610 on
975 2572 1044 2610 his
1073 2572 1213 2611 tomb:
1249 2573 1383 2611 ‘Here
1408 2573 1486 2610 lies
1506 2571 1664 2611 Similis

195 2625 301 2665 after
329 2637 384 2695 an
411 2625 619 2665 existence
656 2626 791 2677 (βιοὺς)
823 2625 867 2664 of
895 2637 940 2664 so
968 2637 1097 2675 many
1123 2637 1255 2675 years,
1289 2637 1314 2665 a
1340 2625 1414 2664 life
1443 2623 1592 2678 (ζήσας)
1621 2623 1664 2662 of

195 2690 331 2718 seven.
