1775 3010
144 239 221 277 158
283 237 400 277 IAM.
462 234 698 276 SAYINGS
724 234 1025 274 BECOBDED
1052 233 1127 273 BY
1154 234 1238 273 PL.
1295 233 1439 284 [VIIII
1457 234 1614 273 23—25

144 336 372 379 corrumpat
389 342 460 368 nec
479 330 618 378 qratia
636 333 772 366 uertat
795 340 867 367 nec
893 334 1020 366 ‘metus
1038 329 1213 378 frangat
1228 329 1460 376 ?)‚fiducia.
1517 339 1616 366 Pm-

144 395 314 421 mssnro
335 394 589 420 TESTIMONIO
608 394 636 419 x
654 383 679 419 8
693 382 776 428 (24)
793 383 813 428 5
831 382 854 418 2
876 381 914 431 (Ι
929 380 1017 418 had
1035 381 1254 429 requested
1271 381 1412 419 Nerua
1430 383 1474 419 to
1493 381 1617 419 allow

145 448 214 474 me
226 438 272 474 to
285 447 452 473 remove
467 435 577 472 from
592 433 665 471 the
680 436 857 482 country
871 436 914 471 to
929 433 1001 471 the
1017 435 1281 482 municipium
1296 436 1454 471 statues
1473 433 1519 472 of
1543 433 1618 471 the

145 500 368 537 emperors,
398 487 555 535 adding
582 486 650 524 his
678 487 832 533 statue)
863 487 969 535 quod
986 487 1058 524 ille
1077 487 1180 524 mihi
1200 498 1287 524 cum
1311 485 1617 534 plenissimo

145 540 446 579 testimonio
474 541 715 578 indulserat.
771 539 821 578 87
853 540 936 586 (19)
967 541 988 586 5
1012 540 1047 577 3.
1091 551 1117 577 v
1146 540 1171 577 8
1203 542 1224 586 5
1249 540 1298 576 13
1328 540 1613 579 laudaueris...

145 593 459 643 plenissime.
515 592 621 630 Vell.
643 603 676 628 11
698 591 774 629 104
794 594 814 640 5
835 593 858 629 3
888 593 1194 640 yratularentur
1219 591 1434 640 plenius.

225 671 255 710 1.
276 673 327 711 27
355 682 432 708 PAR
462 674 471 692 ‘
487 669 716 718 adequate.’
770 681 940 707 morus
960 669 1140 719 depends
1160 682 1214 708 on
1234 682 1434 709 Pam-rm.

227 745 316 790 524
342 742 367 780 1.
389 742 441 779 28
470 752 701 779 cosenzam:
730 752 861 778 asmo
889 752 985 788 pan.
1010 742 1034 778 4
1062 747 1169 779 uoto.
1213 753 1320 779 cone.
1341 753 1405 780 απ.
1431 739 1515 779 Cic.
1537 740 1611 780 Ov.

149 795 210 833 Pl.
230 795 318 834 h.n.
346 794 442 833 Tac.
467 797 546 834 cet.
604 805 794 831 ruffini
823 805 857 830 11
878 794 926 831 11
946 796 967 842 5
988 795 1036 831 15
1059 793 1180 845 (cited
1200 806 1255 832 on
1274 796 1294 842 5
1315 794 1338 832 9
1357 793 1385 831 1.
1408 795 1464 844 7).

229 870 271 904 Ρ.
292 871 339 905 19
365 865 393 903 1.
418 866 440 902 1
482 876 684 902 AGENDVM
711 863 757 902 in
783 876 808 902 a
835 865 897 902 set
929 864 1078 912 speech
1109 864 1261 916 (actio).
1316 876 1619 903 ALTERCANDVM

153 919 267 967 (only
287 919 383 957 here
403 918 447 956 in
467 918 550 966 Pl.)
571 918 616 954 in
636 917 797 955 (lebate.
855 917 1027 965 Quintil.
1051 930 1077 953 v
1098 920 1120 957 7
1142 920 1162 964 5
1184 920 1207 955 3
1228 930 1315 956 cum
1336 919 1619 966 praesentibus

150 985 244 1010 uero
267 973 404 1021 inqens
425 973 632 1008 dimicatio
652 975 710 1008 est
729 971 893 1019 ideoque
913 972 1024 1008 uel-ut
1045 971 1199 1019 duplici
1219 977 1359 1018 contra
1383 983 1446 1008 eos
1465 982 1618 1020 proque

150 1027 205 1063 iis
235 1027 322 1063 acie
356 1025 589 1072 confligitur
620 1022 881 1061 actionum
914 1025 960 1059 et
988 1023 1464 1071 interrogationum.
1522 1035 1565 1061 vi
1593 1023 1620 1060 4

155 1080 227 1126 (on
247 1079 465 1116 altercatio
487 1078 517 1125 )(
539 1078 732 1114 continua
751 1077 882 1114 oratio
902 1078 921 1123 5
943 1076 981 1123 1)
1002 1078 1044 1123 55
1064 1077 1099 1115 2.
1127 1077 1163 1115 7.
1186 1077 1249 1113 14.

230 1156 258 1193 1.
292 1157 316 1193 2
359 1167 616 1193 SVBLEVANDI
661 1157 722 1192 ‘to
758 1154 810 1192 be
847 1154 1131 1202 encouraged.'
1188 1154 1363 1203 Quintil.
1394 1168 1420 1193 v
1453 1157 1477 1195 7
1516 1157 1537 1203 5
1570 1156 1620 1194 11

154 1209 299 1258 (guard
329 1209 497 1257 against
526 1207 714 1256 timidity
746 1220 792 1245 or
820 1207 906 1245 loss
937 1207 982 1245 of
1008 1219 1201 1256 presence
1229 1208 1274 1245 of
1298 1207 1416 1246 mind
1443 1208 1489 1245 in
1515 1220 1622 1257 your

153 1262 384 1311 witnesses)
419 1262 636 1299 turbantur
665 1262 770 1298 enim
797 1266 836 1298 et
863 1273 888 1298 a
916 1262 1104 1309 patronis
1134 1262 1316 1298 diuersae
1339 1264 1475 1310 partIs
1502 1263 1621 1299 indu-

154 1321 299 1354 cuntur
316 1316 363 1352 in
381 1317 543 1363 laqueos
562 1320 600 1351 et
619 1314 714 1362 plus
740 1314 924 1362 deprensi
942 1319 1084 1351 nocent
1103 1325 1223 1362 quam
1236 1314 1353 1363 firmi
1378 1320 1419 1351 et
1438 1315 1622 1352 interriti

149 1368 409 1418 profuissent.
463 1368 630 1404 multum
650 1368 780 1414 igitur
798 1367 902 1404 domi
922 1372 1014 1404 ante
1034 1367 1239 1411 versandi,
1260 1367 1392 1404 uariis
1408 1372 1621 1415 perconta-

155 1421 347 1465 tionibus,
376 1421 515 1469 quales
544 1420 684 1456 haberi
715 1420 766 1456 ab
792 1420 1028 1456 aduersario
1049 1424 1228 1467 possunt,
1253 1420 1491 1468 explorandi
1513 1425 1619 1458 sunt.

154 1475 212 1511 sic
231 1474 287 1522 fit
314 1478 359 1510 ut
383 1479 455 1510 aut
479 1478 656 1510 constent
684 1473 764 1509 sibi
793 1476 878 1518 aut,
909 1473 945 1509 si
976 1473 1076 1520 quid
1109 1472 1391 1517 titubauerint,
1423 1478 1623 1521 oportuna

153 1539 291 1564 rursus
307 1528 405 1570 eius,
426 1538 451 1563 a
472 1537 547 1574 quo
566 1525 750 1574 producti
765 1530 857 1562 sunt
872 1525 1201 1573 interrogyatione,
1217 1525 1329 1562 uelut
1343 1524 1395 1562 in
1414 1523 1622 1573 gradum

154 1581 472 1628 reponantur.
531 1578 700 1616 GIEBIG.

234 1654 322 1700 525
349 1663 425 1689 Lm
457 1663 552 1689 ILLA
581 1662 689 1694 Qvnr
718 1661 851 1688 ARDVA
879 1651 902 1687 2
936 1652 1013 1698 57.
1043 1650 1068 1687 4
1100 1652 1163 1697 57
1195 1655 1265 1687 ter.
1323 1661 1340 1687 1
1375 1650 1398 1689 6
1431 1651 1495 1697 52
1522 1649 1622 1688 iam

154 1707 335 1754 undique
363 1706 507 1743 siluae.
565 1705 613 1743 19
634 1706 654 1751 5
674 1705 709 1743 5.
770 1715 868 1752 pan.
897 1704 946 1740 22
973 1715 1033 1752 pr.
1066 1703 1167 1740 iam
1194 1701 1288 1740 hoc
1316 1703 1492 1750 ipsum,
1517 1704 1624 1752 quod

154 1761 356 1805 inyressus
376 1770 428 1802 es,
450 1769 596 1805 quam
624 1756 803 1794 mirum
831 1755 1146 1803 laetumque!
1195 1757 1244 1793 33
1265 1758 1285 1803 5
1306 1756 1328 1792 2
1357 1755 1456 1794 iam
1476 1767 1621 1804 quam

157 1812 286 1849 libera
314 1811 584 1860 spectantium
612 1810 780 1847 studia!
839 1809 890 1846 65
919 1810 982 1856 53
1013 1809 1112 1846 iam
1150 1809 1295 1846 totiens
1325 1809 1539 1856 procedere
1575 1810 1622 1847 in

154 1869 485 1911 rostra...quam
505 1864 671 1910 (lignium
692 1869 740 1900 te.
783 1862 830 1902 71
852 1873 911 1908 pr.
937 1860 1035 1899 iam
1063 1873 1156 1909 quo
1179 1873 1343 1898 assensu.
1361 1863 1437 1900 cet.
1488 1862 1538 1900 76
1557 1873 1620 1909 pr.

155 1917 256 1954 iam
287 1927 432 1964 quam
459 1917 672 1964 antiquum
697 1917 775 1953 cet.
832 1914 1001 1952 Holden
1022 1913 1102 1953 Cic.
1129 1913 1198 1951 off.
1219 1912 1305 1952 ind.
1340 1914 1434 1953 iam.
1494 1913 1621 1962 Quin-

155 1968 600 2016 til.x15491.19n.

235 2049 264 2088 1.
280 2050 305 2086 4
321 2049 344 2087 5
364 2059 562 2085 REFERAM
582 2058 697 2084 vxvar
711 2058 876 2090 ALIQvn)
892 2058 946 2083 Ex
961 2057 1018 2084 ns
1034 2056 1135 2089 QVAE
1152 2057 1240 2082 Dm
1256 2044 1317 2082 Pl.
1334 2045 1447 2083 often
1461 2048 1623 2094 reports

158 2102 327 2152 sayings
346 2101 392 2139 of
407 2100 577 2138 himself
595 2112 643 2138 or
667 2099 807 2138 others
833 2111 848 2136 1
869 2101 891 2137 5
912 2101 932 2146 5
952 2099 1093 2137 3—14.
1146 2099 1194 2135 12
1215 2100 1256 2146 55
1275 2100 1313 2136 8.
1337 2100 1397 2137 13.
1438 2099 1489 2136 20
1508 2101 1551 2146 55
1572 2099 1622 2137 14

158 2157 220 2195 15.
280 2155 352 2192 111
373 2156 394 2202 5
413 2155 451 2193 9.
490 2154 514 2192 6
542 2155 584 2201 55
606 2154 628 2190 3
648 2153 687 2190 4.
745 2154 794 2189 14
822 2152 936 2200 5510
956 2152 1018 2188 11.
1074 2152 1126 2188 20
1154 2153 1252 2198 558.
1275 2152 1336 2189 10.
1397 2162 1450 2188 111
1469 2152 1616 2200 5512.

159 2209 207 2247 16
227 2210 269 2256 55
289 2209 326 2245 4.
347 2207 384 2245 6.
406 2207 550 2244 8—13.
606 2217 649 2243 1v
678 2206 727 2243 10
755 2208 798 2253 55
817 2207 841 2242 2
870 2206 908 2242 3.
929 2205 967 2243 7.
990 2204 1052 2241 10.
1076 2205 1124 2240 12
1146 2205 1206 2241 13.
1261 2204 1311 2241 13
1334 2205 1376 2251 55
1398 2205 1515 2245 3-9,
1570 2205 1621 2245 17

157 2262 300 2310 5589.
364 2257 590 2307 22553.6.
655 2258 946 2306 v1553—10.
1002 2256 1235 2307 9(21)56..
1281 2268 1324 2293 vr
1354 2258 1404 2294 15
1429 2258 1450 2304 5
1475 2258 1514 2294 2.
1569 2256 1623 2294 20

156 2314 366 2362 5510.13.
414 2313 562 2360 2452.
618 2312 669 2350 29
694 2312 773 2359 55.
824 2310 872 2348 31
902 2312 945 2357 55
973 2311 1010 2349 9.
1039 2310 1087 2346 11
1116 2311 1179 2347 12.
1229 2320 1290 2346 vn
1321 2309 1342 2346 1
1373 2311 1415 2356 55
1441 2311 1480 2347 3.
1506 2308 1544 2349 6.
1595 2309 1621 2348 6

156 2368 300 2415 5545.
324 2366 457 2403 1112.
516 2365 566 2401 10
590 2365 611 2411 5
637 2365 673 2403 2.
733 2364 782 2403 17
808 2363 913 2411 511.
965 2363 1109 2409 1955.
1164 2363 1215 2398 24
1240 2361 1317 2410 56.
1367 2363 1618 2410 33554—8.

158 2432 202 2457 1x
233 2420 282 2457 12
306 2420 385 2467 51.
443 2419 491 2455 13
515 2419 557 2465 55
583 2417 726 2454 5-12,
757 2417 820 2456 17.
847 2416 909 2454 19.
939 2415 1003 2454 23.
1064 2415 1112 2453 19
1139 2416 1182 2461 55
1211 2416 1234 2452 5
1266 2415 1303 2452 6.
1361 2415 1410 2452 23
1439 2415 1619 2463 552—5.

156 2473 206 2511 26
225 2475 246 2521 5
266 2473 304 2509 1.
361 2470 448 2508 The
468 2468 712 2518 despatches
730 2471 774 2507 to
795 2468 949 2517 Trajan
971 2467 1025 2517 (x)
1048 2479 1117 2504 are
1135 2471 1205 2504 too
1234 2465 1385 2505 official
1412 2470 1456 2505 to
1486 2466 1621 2506 admit

157 2526 202 2563 of
228 2524 331 2563 such
357 2523 527 2571 trifling.
588 2522 729 2560 Cicero
751 2520 847 2574 (esp.
873 2522 959 2559 Att.
983 2532 1000 2557 1
1020 2519 1084 2571 16)
1106 2519 1191 2557 had
1218 2523 1280 2558 set
1311 2519 1384 2558 the
1411 2520 1618 2568 example3

156 2578 224 2616 his
256 2589 348 2614 own
377 2575 612 2614 wittinisms
640 2586 744 2612 were
783 2572 981 2612 collected
1012 2572 1067 2622 by
1092 2571 1189 2609 Tiro
1219 2571 1393 2623 (Teuffel
1420 2573 1538 2620 5191
1559 2573 1614 2620 2).

158 2631 310 2668 Caesar
327 2628 449 2666 made
469 2640 493 2666 a
520 2627 738 2666 collection
768 2626 813 2664 of
838 2625 1131 2674 ἀποφθέγματα
1153 2624 1249 2675 (Cic.
1270 2624 1372 2662 fam.
1392 2635 1435 2662 rx
1456 2626 1505 2663 16
1523 2627 1544 2672 5
1563 2624 1617 2672 4),

157 2685 268 2722 dicta
300 2684 546 2724 collectanea
577 2680 705 2732 (Suet.
738 2679 851 2718 Caes.
887 2680 967 2727 56).
1029 2677 1116 2715 The
1145 2679 1438 2716 controuersiae
1474 2676 1520 2716 of
1547 2676 1620 2716 the
