1775 3010
130 228 253 278 4—6]
277 228 410 278 QVID
438 229 599 269 Aeris?
636 229 808 268 ILLVD
836 229 1104 269 EIVSDEM.
1143 230 1495 270 PERFODERE.
1525 231 1602 270 219

129 334 210 361 vln
243 324 293 361 14
328 323 424 374 (inc.
454 326 558 372 grat.
586 326 664 363 act.
698 323 974 361 Constantino
1003 335 1042 372 p.
1067 324 1143 363 191
1175 324 1256 371 22).
1312 334 1356 360 IX
1388 325 1411 360 2
1434 323 1597 371 (Nazar.

128 387 170 424 p.
193 377 270 414 214
291 377 372 424 11).
429 378 479 415 25
500 379 556 426 (p.
578 378 653 415 231
683 376 765 428 29).
822 377 982 426 Symm.
1004 389 1068 425 ep.
1090 388 1143 413 111
1170 378 1234 414 85.
1291 388 1317 412 v
1346 376 1409 414 56.
1465 375 1603 413 Miihl-

128 440 259 466 mann
287 430 389 468 cites
417 430 514 468 Tac.
545 429 584 468 d.
614 430 651 468 6.
683 431 745 469 39.
807 430 854 469 G.
890 430 954 467 14.
1007 429 1101 467 Add
1129 428 1168 466 d.
1199 430 1262 468 34.
1294 429 1357 468 36.
1418 428 1606 466 Paucker

128 481 231 520 cites
252 483 366 520 Suet.
386 482 480 520 Ner.
501 483 566 520 42.
612 483 713 520 Arn.
735 494 769 520 11
791 484 854 521 39.
904 482 1083 531 Capitol.
1106 482 1231 520 Gord.
1259 483 1322 519 14.
1381 481 1603 519 Maximin.

129 535 193 574 19.
214 535 373 585 [Cypr]
393 536 499 584 sing.
519 536 614 573 cler.
636 537 673 573 2.
694 538 731 575 9.
757 537 807 573 16
827 538 904 573 cet.
962 535 1173 585 [Quintil]
1194 535 1296 573 decl.
1316 535 1341 572 4
1363 536 1398 574 5.
1425 535 1449 573 6
1471 538 1547 572 cet.

206 615 233 653 l.
256 617 279 655 6
299 628 499 659 Qvormxs
518 627 730 653 mTBAREr
749 628 764 653 1
786 617 834 653 12
855 619 874 664 ξ
896 617 932 654 7.
989 628 1087 664 pan.
1111 617 1158 654 13
1180 618 1200 663 ἓ
1221 616 1258 652 1.
1301 616 1352 652 42
1372 617 1392 663 ἓ
1412 616 1451 653 4.
1500 614 1604 652 This

131 668 362 707 ‘iterative’
401 669 665 716 conjunctive
702 681 898 707 common
926 669 972 706 in
1000 669 1072 706 the
1101 669 1225 706 silver
1257 681 1341 717 age,
1380 680 1465 717 esp.
1488 668 1602 707 Suet.

126 721 281 770 Drfiger
299 721 397 761 hist.
424 722 541 770 Synt.
567 734 600 759 11
622 723 713 761 556.

204 799 232 838 1.
265 801 288 839 7
319 812 625 838 001111001οΒΕ11
656 812 757 838 ESSE
790 801 841 838 20
871 803 891 848 ἓ
917 801 964 838 11
999 801 1145 849 ecquid
1178 799 1429 838 commode
1461 801 1602 838 vales?

126 852 302 900 Quintil.
333 866 375 890 vr
406 855 430 891 3
463 857 483 901 ξ
518 856 567 894 77
604 853 960 891 commodioris
997 855 1247 891 ualetudinis
1278 855 1433 902 factus.
1494 852 1602 891 Cels.

123 916 335 943 PERSAEPE
359 907 459 956 only
476 907 573 945 here
592 907 637 944 in
656 907 717 946 Pl.
761 907 896 945 Plaut.
919 907 1002 944 Cic.
1023 907 1127 944 Hor.
1184 906 1267 944 Not
1287 918 1496 944 common.

202 985 230 1023 l.
251 987 275 1023 8
295 998 392 1029 Qvn)
415 998 580 1024 AGERET
607 998 712 1024 PVER
735 988 785 1024 20
818 989 838 1034 ξ
868 988 915 1023 11
945 988 1022 1024 illa
1043 988 1238 1035 uulqaria
1272 986 1408 1034 ‘quid
1439 985 1601 1035 agis?’

123 1040 182 1077 13
203 1041 223 1086 ἕ
244 1040 266 1076 1
296 1039 416 1087 quid
445 1040 549 1088 agit
579 1041 769 1078 Comum.²
826 1051 861 1077 11
892 1041 940 1076 11
972 1042 991 1087 ς’
1020 1041 1070 1077 25
1100 1041 1201 1088 quid
1225 1041 1462 1077 arbusculae
1492 1047 1598 1086 tuae,

123 1093 225 1141 quid
260 1095 419 1137 uineae,
451 1093 569 1140 quid
603 1099 751 1141 seyetes
785 1093 976 1141 agunt?
1032 1104 1159 1141 many
1196 1105 1285 1130 exx.
1325 1092 1371 1130 in
1409 1093 1596 1132 Brisson.

123 1144 290 1183 formul.
319 1157 398 1183 vm
429 1147 478 1185 65
512 1158 588 1194 eg.
609 1146 732 1184 Mart.
754 1157 787 1183 11
815 1146 864 1185 67
891 1147 1066 1184 occurris
1092 1158 1340 1195 quocumque
1371 1147 1454 1184 loco
1484 1146 1600 1190 mihi,

122 1199 322 1243 Postume,
356 1201 505 1236 clamas
530 1199 744 1249 {protinus
772 1204 809 1237 et
835 1201 974 1248 prima
1002 1204 1060 1236 est
1091 1200 1188 1236 haer:
1228 1205 1299 1236 tua
1336 1211 1416 1237 uox
1459 1197 1602 1247 ‘quid

123 1251 311 1303 agis?’l
339 1253 409 1290 hoc
436 1254 472 1290 si
509 1265 568 1290 me
606 1253 736 1290 decies
766 1265 850 1290 una
882 1253 1115 1291 conueneris
1149 1253 1261 1297 hora,
1287 1251 1292 1303 Ι
1318 1253 1450 1292 dicis.-
1481 1253 1599 1289 habes

115 1311 219 1354 puto
239 1310 295 1351 tu,
317 1306 517 1352 Postume,
544 1307 604 1343 nil
625 1307 729 1354 quod
748 1318 857 1354 ayas,

202 1385 223 1432 ἕ
250 1390 274 1423 5
300 1384 328 1421 l.
360 1385 410 1421 10
442 1395 774 1421 PRORYMPERENT
800 1383 898 1432 only
921 1383 1019 1422 here
1047 1383 1093 1420 in
1125 1383 1185 1420 Pl.
1207 1382 1321 1421 often
1344 1381 1388 1419 in
1415 1381 1600 1420 Tacitus,

121 1436 150 1475 1.
172 1438 221 1474 12
241 1448 468 1475 0011Ρο31Το
488 1448 617 1473 vvmv
637 1449 669 1474 11
690 1438 741 1474 20
760 1439 780 1484 ξ
802 1438 825 1474 3
851 1436 1111 1485 componit
1142 1436 1353 1473 uultum.
1410 1447 1470 1472 vn
1492 1437 1514 1472 1
1535 1437 1555 1482 ξ
1575 1435 1598 1473 6

122 1491 178 1528 ad
195 1492 484 1528 abstinentiam
504 1502 640 1527 rursus
662 1503 739 1527 non
759 1503 870 1528 secus
891 1502 938 1527 ac
969 1491 1078 1527 modo
1107 1491 1161 1526 acl
1191 1490 1394 1526 balineum
1421 1490 1601 1526 animum

122 1544 394 1591 uultumque
426 1543 686 1590 conposui.
744 1543 841 1580 Seu.
874 1554 938 1591 ep.
968 1543 1016 1581 66
1047 1544 1110 1590 §5
1132 1543 1328 1579 modestus
1359 1544 1535 1579 incessus
1567 1547 1602 1579 et

121 1596 421 1645 conpositus
440 1608 487 1633 ac
498 1597 646 1645 probus
667 1596 853 1635 uultus.
916 1595 1069 1634 Tibull.
1091 1595 1268 1644 Quintil.
1290 1595 1386 1634 Tac.
1413 1594 1526 1634 Suet.

203 1678 267 1724 §6
289 1676 318 1714 1.
353 1677 402 1714 13
436 1688 560 1714 mvl)
594 1688 781 1714 Eivsnmr
814 1677 879 1724 §2
911 1676 939 1713 1.
965 1677 1016 1713 24
1038 1688 1079 1715 n.
1142 1675 1227 1714 Cic.
1261 1675 1350 1712 Cat.
1381 1673 1480 1711 mai.
1509 1674 1601 1722 §50

121 1729 242 1767 Allen
275 1729 479 1767 honestum
507 1729 640 1767 illud
671 1729 876 1767 Solonis
904 1736 976 1767 est.
1039 1729 1122 1766 Cic.
1152 1730 1237 1767 Att.
1273 1740 1334 1765 vn
1368 1729 1391 1764 2
1421 1727 1448 1766 f.
1484 1733 1601 1765 uetus

120 1781 252 1821 illud
278 1782 445 1820 Drusi.
490 1782 562 1820 Sil.
590 1795 651 1820 vn
683 1784 759 1821 553
789 1784 950 1832 iamque
976 1781 1067 1820 hoc
1099 1782 1159 1833 (ne
1190 1782 1363 1832 dubites)
1397 1782 1600 1828 longaeui,

122 1841 230 1881 nate,
249 1837 482 1884 parentis
506 1836 511 1887 Ι
538 1837 689 1885 accipe.

199 1916 229 1955 1.
250 1916 300 1954 14
319 1928 566 1954 PEBFODERE
586 1928 740 1955 PEcrvs
761 1928 863 1955 once
883 1916 1005 1965 again
1025 1916 1070 1954 in
1090 1916 1154 1954 Pl.
1170 1928 1267 1965 pan.
1289 1917 1336 1955 17
1359 1918 1379 1964 ξ
1400 1918 1423 1953 2
1438 1918 1600 1966 clipeos,

58 1972 64 1977 '
122 1982 219 2019 quos
238 1972 324 2019 ipse
358 1969 654 2018 perfoderis.
714 1970 825 2008 Once
857 1970 902 2007 in
923 1970 1018 2008 Tac.
1040 1982 1106 2009 an.
1134 1981 1187 2007 111
1209 1971 1259 2008 15
1279 1970 1307 2009 f.
1367 1970 1602 2018 perfosso

121 2024 276 2071 iugulo.
331 2023 434 2061 Luc.
472 2035 525 2060 111
564 2023 640 2061 660
677 2023 910 2071 perfosso
947 2025 1150 2072 pectore
1185 2025 1246 2070 (so
1284 2023 1373 2060 also
1406 2035 1450 2060 VI
1489 2024 1601 2060 2501.

121 2087 203 2113 vn1
221 2076 312 2114 618.
355 2077 459 2115 Stat.
486 2075 564 2113 Th.
586 2088 619 2113 11
640 2077 730 2116 710.
769 2087 813 2113 XI
835 2078 924 2117 153.
971 2076 1045 2114 Sil.
1066 2087 1082 2113 1
1103 2076 1193 2114 620.
1241 2088 1268 2113 x
1287 2077 1380 2114 400.
1418 2087 1488 2113 ΧΠ
1509 2076 1600 2115 107.

122 2127 289 2176 Vopisc.
323 2129 461 2166 Aurel.
487 2130 537 2166 21
566 2131 587 2177 ἓ
607 2130 644 2167 8.
700 2130 911 2167 Ammian.
932 2140 1030 2167 xxm
1051 2131 1074 2168 7
1094 2131 1115 2177 ἓ
1134 2129 1172 2167 6.
1229 2128 1370 2167 Rufin.
1396 2128 1528 2176 praef.
1550 2127 1604 2166 ad

122 2180 216 2219 libr.
237 2180 287 2219 de
314 2181 519 2220 benedict.
548 2181 677 2220 Iudae
705 2183 768 2229 §1
794 2183 982 2220 stimulis.
1038 2193 1255 2219 onloxmx
1284 2182 1409 2219 Mart.
1438 2193 1508 2218 xiv
1537 2182 1602 2218 33.

124 2233 241 2273 Hier.
283 2245 346 2282 ep.
384 2235 434 2274 97
473 2236 496 2273 3
519 2235 549 2273 f.
624 2235 768 2272 Varro.
814 2234 896 2273 Cic.
933 2235 1028 2272 VM.
1079 2235 1177 2273 Tac.
1238 2246 1477 2272 PORRIGERE
1512 2233 1595 2273 Cic.

124 2285 213 2325 Mil.
239 2287 540 2336 §9aliquando
560 2287 780 2336 gladium
803 2289 917 2326 nobis
950 2289 1006 2326 ad
1037 2289 1232 2326 hominem
1259 2288 1520 2325 occidendum
1548 2288 1600 2325 ab

123 2340 226 2388 ipsis
245 2339 437 2388 porrigi
457 2341 622 2389 legibus.

204 2411 234 2449 1.
267 2411 319 2449 15
353 2422 493 2449 vocmt
529 2423 814 2450 mnomAme
842 2424 892 2450 Ac
921 2423 1059 2450 PAENE
1097 2422 1277 2449 nmxm
1308 2415 1480 2453 ‘mm-E.
1517 2421 1602 2448 nox

125 2465 283 2503 Donn'r'
312 2465 334 2511 ξ
360 2465 384 2500 2
409 2475 453 2501 11.
493 2464 643 2502 Zonar.
664 2476 709 2502 XI
729 2466 766 2503 9.
823 2465 947 2503 Mart.
968 2477 984 2502 1
1006 2466 1054 2502 13
1088 2469 1227 2502 casta
1260 2476 1348 2502 suo
1379 2463 1603 2512 gladium

127 2529 237 2556 cum
289 2515 518 2555 traderet
566 2517 711 2555 Arria
761 2518 938 2566 Paeto,
973 2518 978 2567 Ι
1011 2529 1156 2565 quem
1214 2517 1271 2555 de
1318 2516 1603 2555 uisceribus

127 2570 408 2609 strinxerat
428 2569 540 2618 ipsa
561 2570 677 2615 suis,
702 2570 708 2621 1
735 2575 744 2591 ‘
762 2570 806 2608 si
834 2582 928 2618 qua
960 2570 1104 2618 fides,
1128 2570 1316 2608 uulnus
1347 2569 1477 2617 quod
1505 2569 1602 2607 feci

126 2634 227 2661 non
247 2621 409 2670 dolet,'
430 2624 568 2672 inquit
581 2637 596 2667 ;
615 2621 621 2674 Ι
637 2624 725 2661 ‘sed
744 2625 851 2672 quod
869 2630 912 2660 tu
922 2623 1070 2672 facies,
1087 2625 1157 2661 hoc
1175 2624 1293 2668 mihi,
1308 2623 1446 2669 Paete,
1466 2623 1602 2662 dolet!

126 2676 210 2716 For
238 2686 375 2714 nomm
404 2686 472 2714 see
502 2675 610 2714 lexx.
632 2674 734 2727 (esp.
763 2675 1034 2725 Miihlmann)
1062 2675 1147 2716 and
1173 2675 1395 2714 Ribbeck’s
1423 2675 1538 2714 indd.
1558 2678 1603 2714 to
