1823 3000
164 218 219 258 32
594 215 763 259 XVIII
826 216 1132 259 lO—XVIIII
1193 219 1221 258 4

165 318 350 363 confido
376 318 430 363 in
464 318 553 363 hoc
585 334 757 379 genere
788 319 1020 364 materiae
1052 317 1268 363 laetioris
1301 316 1404 362 stili
1427 321 1644 362 constare

165 398 417 456 rationem,
457 414 566 443 cum
602 414 658 443 ea
689 398 850 458 potius
885 413 1007 457 quae
1036 397 1246 458 pressius
1281 401 1330 441 et
1365 395 1644 442 adstrictius

167 493 311 537 quam
348 478 433 522 illa
465 493 586 537 quae
627 476 830 521 hilarius
868 482 918 521 et
959 476 1097 536 quasi
1138 476 1440 521 exultantius
1476 474 1645 536 scripsi

167 559 351 618 possint
387 558 544 602 uideri
583 556 809 602 arcessita
847 561 896 601 et
935 556 1158 602 inducta:
1200 571 1299 600 non
1338 555 1445 600 ideo
1480 560 1645 600 tamen

166 638 358 697 segnius
393 653 558 697 precor
591 640 647 681 ut
681 635 969 696 quandoque
1003 635 1172 680 ueniat
1201 635 1303 680 dies
1340 635 1643 695 (utinamque
1697 633 1726 678 5

166 716 264 760 iam
286 715 520 776 ueneriffl)
546 730 639 774 quo
674 713 880 758 austeris
904 713 1002 758 illis
1038 713 1310 774 seuerisque
1345 713 1505 758 dulcia
1527 712 1643 758 haec

127 822 139 840 1
167 796 435 856 blandaque
459 795 538 840 uel
562 795 690 840 iusta
715 793 1008 855 possessione
1043 793 1286 838 decedant.
1356 793 1501 839 habes
1536 798 1644 838 acta

167 891 272 920 mea
294 874 445 920 tridui
455 891 468 932 3
498 874 673 936 quibus
698 874 904 935 cognitis
928 873 1064 918 uolui
1087 879 1282 918 tantum
1306 879 1355 919 te
1376 874 1644 934 uoluptatis

166 954 413 999 absentem
438 959 486 999 et
520 953 792 999 studiorum
826 953 1021 997 nomine
1055 957 1104 997 et
1139 968 1244 997 meo
1282 968 1462 1013 capere,
1496 968 1642 1012 quan·

166 1040 272 1078 tum
296 1050 517 1095 praesens
542 1033 784 1094 percipere
808 1032 1057 1093 potuisses
1130 1032 1249 1078 uale.
1669 1028 1727 1072 10

778 1165 1006 1211 XVIIII

424 1266 468 1304 C.
499 1265 720 1304 PLINIVS
750 1264 1002 1303 CALVISIO
1032 1264 1177 1302 RVFO
1209 1264 1311 1303 SVO
1344 1264 1385 1303 S.

266 1352 488 1398 Adsumo
525 1357 574 1396 te
611 1351 664 1396 in
705 1350 958 1396 consilium
997 1350 1066 1394 rei
1103 1349 1367 1407 familiaris,
1406 1354 1462 1394 ut
1499 1349 1643 1395 soleo.

170 1433 363 1494 praedia
386 1433 514 1492 agris
545 1431 663 1476 meis
692 1430 854 1475 uicina
884 1434 1030 1490 atque
1061 1429 1208 1474 etiam
1239 1430 1422 1475 inserta
1452 1431 1644 1476 uenalia

168 1518 293 1559 sunt.
365 1512 418 1557 in
442 1511 517 1556 his
549 1526 624 1555 me
655 1509 812 1554 multa
846 1508 1121 1565 sollicitant,
1148 1508 1310 1569 aliqua
1340 1525 1427 1554 nec
1458 1510 1645 1555 minora
1669 1502 1727 1547 15

170 1594 426 1639 deterrent.
467 1589 695 1636 sollicitat
712 1589 923 1650 primum
941 1588 1044 1649 ipsa
1062 1588 1372 1649 pulchritudo
1395 1588 1642 1650 iungendi,

169 1672 341 1718 deinde
365 1671 493 1732 quod
516 1686 614 1715 non
638 1669 798 1714 minus
830 1669 950 1714 utile
974 1685 1119 1730 quam
1143 1669 1486 1730 uoluptuosum
1510 1686 1645 1730 posse

168 1757 374 1811 utraque
398 1749 563 1795 eadem
579 1764 734 1809 opera,
753 1748 918 1793 eodem
936 1748 1114 1793 uiatico
1129 1747 1353 1805 inuisere,
1370 1749 1460 1794 sub
1478 1749 1645 1794 eodem

169 1835 476 1894 procuratore
511 1845 566 1873 ac
605 1843 756 1889 paene
791 1827 944 1872 isdem
981 1827 1225 1872 actoribus
1263 1826 1453 1885 habere,
1497 1844 1644 1873 unam

170 1911 338 1956 uillam
371 1909 524 1955 colere
555 1913 605 1953 et
636 1924 819 1965 ornare,
847 1907 1051 1953 alteram
1080 1911 1273 1952 tantum
1308 1907 1447 1954 tueri.
1519 1908 1646 1954 inest
1668 1904 1729 1950 20

169 1991 283 2037 huic
298 1989 649 2050 computationi
663 1994 883 2049 sumptus
899 1988 1224 2050 supellectiliS,
1236 1994 1456 2048 Sumptus
1470 1990 1646 2035 atrien-

171 2071 297 2117 sium
341 2069 660 2130 topiariorum
706 2068 951 2113 fabrorum
1008 2072 1155 2127 atque
1200 2067 1348 2112 etiam
1404 2070 1647 2116 uenatorii

169 2148 518 2206 instrumenti3
567 2162 689 2207 quae
723 2147 989 2207 plurimum
1023 2146 1174 2191 refert
1208 2162 1362 2190 unum
1402 2147 1454 2192 in
1487 2148 1646 2194 locum

171 2229 388 2278 conferas
411 2244 473 2274 an
496 2228 549 2272 in
573 2227 762 2272 diuersa
785 2227 1041 2287 dispergas
1114 2231 1281 2271 contra
1304 2242 1474 2272 uereor
1495 2243 1557 2273 ne
1581 2227 1646 2274 sit

170 2312 422 2357 incautum
439 2325 541 2355 rem
556 2314 657 2354 tam
680 2323 905 2369 magnam
920 2308 1070 2353 isdem
1092 2308 1475 2368 tempestatibus,
1491 2308 1645 2355 isdem
1668 2299 1728 2345 25

250 2435 276 2472 4
305 2433 503 2473 arcessita
522 2437 556 2473 D
628 2433 827 2472 accersita
846 2437 1000 2480 MPpra
1075 2431 1316 2471 accersitate
1334 2436 1370 2472 V
1507 2433 1531 2471 5
1559 2444 1644 2481 seg-

164 2500 284 2550 nius]
321 2499 454 2539 secius
491 2501 722 2548 Heusinger
776 2501 827 2538 12
870 2499 1129 2539 CALVISIO
1172 2499 1373 2548 (Clauisio
1408 2503 1454 2550 p)
1498 2501 1644 2541 RVFO

171 2572 304 2612 rpra:
333 2565 479 2604 RVFO
505 2578 577 2604 om.
605 2569 716 2604 MVD
734 2567 925 2605 Riccard.
1035 2566 1085 2604 14
1105 2565 1189 2604 and
1209 2567 1259 2604 22
1288 2566 1421 2616 adque
1439 2571 1482 2607 M

172 2634 223 2673 25
251 2631 385 2672 isdem
404 2631 570 2671 casibus
589 2644 662 2670 om.
680 2634 758 2670 MV

1814 705 1823 743 —a
