1823 3000
199 218 250 257 86
426 217 716 257 ERECTIVS.
776 217 812 256 A
847 217 981 256 FINE
1021 217 1212 257 AVFIDI
1246 217 1418 258 BASSI.
1518 217 1613 268 [V5
1635 219 1658 258 6

195 311 426 349 mandasset
444 311 728 361 inquisitiones
749 309 846 349 eas!
899 308 1096 349 Philostr.
1117 310 1194 359 Ap.
1215 322 1259 348 Iv
1277 311 1328 348 35
1354 311 1490 360 Νέρων
1509 313 1553 349 οὐ
1577 313 1657 359 ξυν-

197 365 335 414 εχώρει
364 365 609 413 φιλοσοφεῖν,
640 361 747 401 α’λλὰ,
775 364 978 411 περίεργον
1003 365 1108 412 αὐτῷ
1131 366 1264 412 χρῆμα.
1293 366 1327 402 οἱ
1356 366 1660 413 φιλοσοφοῦντες

198 418 400 466 ἐφαίνοντο
429 419 491 454 καὶ
519 419 705 464 μαντικὴν
733 414 1005 467 ξυσκιάζοντες.
1062 417 1112 454 38
1140 417 1203 463 §2
1234 428 1280 453 so
1312 415 1510 464 grinding
1542 427 1567 454 a
1597 418 1658 465 ty-

197 481 332 518 ranny
350 468 387 507 is
408 468 664 507 established
691 466 736 505 in
754 468 898 515 Rome,
930 468 978 507 ὠς
1001 470 1055 516 μὴ
1077 470 1215 517 ἐξεῖναι
1237 470 1368 516 σοφοῖς
1396 470 1506 507 εἶναι.
1564 468 1657 508 Tac.

197 533 250 559 xv
269 522 333 562 71.

275 614 302 654 l.
336 614 399 652 45
441 624 640 651 LIBERIVS
678 624 731 650 ΕΤ
759 624 961 651 ERECTIVS
988 625 1084 662 pan.
1119 613 1170 651 85
1198 625 1323 662 neque
1355 614 1463 651 enim
1493 618 1540 651 ut
1572 613 1662 652 alia

196 667 386 706 subiectis
405 668 470 704 ita
490 679 602 704 amor
619 668 856 715 imperatur,
879 678 1005 715 neque
1025 672 1083 704 est
1100 668 1209 704 ultus
1229 667 1412 714 adfectus
1434 671 1515 703 tam
1534 677 1661 704 erec-

196 721 277 758 tus
306 722 352 758 et
380 719 508 757 liber
536 724 576 757 et
608 719 896 757 dominationis
929 720 1159 768 impatiens.
1215 718 1393 766 Quintil.
1433 730 1478 756 xl
1513 718 1535 756 1
1565 720 1587 766 ξ
1612 718 1662 757 16

199 773 477 811 habet...mens
509 777 650 810 nostra
680 772 844 809 sublime
874 772 1070 820 quiddam
1102 777 1141 809 et
1178 773 1403 810 erectum
1441 772 1489 809 et
1525 770 1661 820 inpa-

198 825 333 916 3113qu
380 824 675 873 superioris.
745 824 920 863 GIERIG.
976 835 1067 862 exx.
1097 824 1206 862 from
1244 823 1329 862 Cic.
1370 823 1467 862 Tac.
1507 826 1586 862 cet.
1615 823 1663 862 in

323 889 469 917 mann.

278 980 341 1027 §6
368 977 396 1017 1.
421 977 444 1016 5
465 977 489 1016 6
522 988 548 1015 Α
579 988 679 1015 FINE
711 987 852 1015 AVFIDI
881 988 994 1016 BASSI
1030 979 1098 1016 v8
1119 979 1139 1025 ἓ
1159 977 1181 1016 5
1211 976 1497 1016 auunculus
1526 987 1663 1014 meus

200 1032 384 1080 idemque
413 1042 488 1080 per
513 1031 767 1079 adoptionem
784 1036 907 1080 pater
929 1030 1179 1068 historias
1212 1036 1251 1068 et
1280 1031 1438 1079 quidem
1463 1029 1662 1078 religio-

201 1084 400 1122 sissime
442 1083 661 1131 scripsit.
716 1083 777 1122 Pl.
813 1083 856 1120 h.
886 1095 930 1121 n.
959 1083 1089 1132 praef.
1119 1085 1140 1130 ἓ
1168 1084 1218 1121 20
1246 1095 1316 1120 uos
1346 1083 1507 1131 quidem
1532 1093 1664 1120 omnes

195 1143 354 1187 patrem
377 1136 536 1186 [Vesp.]
558 1142 593 1174 te
614 1136 772 1185 [Titus]
792 1137 1043 1185 fratremque
1074 1135 1324 1184 [Domitian]
1345 1136 1522 1172 diximus
1549 1146 1663 1184 opere

200 1192 321 1236 iusto,
350 1191 630 1238 temporum
657 1193 948 1226 nostrorum
976 1188 1245 1226 historiam
1275 1187 1377 1225 orsi
1402 1199 1427 1226 a
1452 1187 1556 1225 fine
1576 1187 1662 1224 Au-

200 1241 294 1281 fidi
321 1242 480 1280 Bassi.
537 1242 608 1279 ubi
634 1243 689 1279 sit
718 1254 766 1280 ea
795 1245 989 1290 quaeres?
1044 1243 1128 1283 iam
1150 1241 1311 1290 pridem
1332 1245 1505 1289 peracta
1531 1241 1662 1278 sanci-

202 1302 281 1342 tur,
302 1301 341 1333 et
359 1296 548 1344 alioquin
565 1300 762 1332 statutum
787 1300 873 1332 erat
903 1295 1039 1332 heredi
1066 1294 1272 1338 mandare,
1298 1305 1347 1331 ne
1376 1294 1475 1342 quid
1501 1293 1664 1330 ambiti-

201 1350 269 1387 oni
290 1349 443 1386 dedisse
464 1349 554 1385 uita
574 1348 841 1385 iudicaretur.
883 1347 1055 1395 proinde
1076 1347 1363 1395 occupantibus
1383 1347 1510 1384 locum
1521 1346 1663 1394 fanco,

202 1413 270 1450 eqo
294 1413 389 1439 uero
417 1406 455 1438 et
478 1401 653 1449 posteris
683 1412 779 1449 quos
805 1401 885 1438 scio
918 1401 1123 1438 nobiscum
1149 1401 1421 1437 decertaturos
1449 1400 1556 1436 sicut
1582 1399 1665 1446 ipsi

193 1455 366 1504 fecimus
387 1465 476 1492 cum
489 1454 710 1501 prioribus.
767 1464 802 1490 11
821 1454 840 1500 ξ
862 1453 937 1492 199
963 1464 1044 1490 non
1061 1454 1193 1490 minus
1213 1453 1359 1490 mirum
1371 1452 1609 1500 prodiyium
1627 1455 1666 1488 et

201 1513 337 1545 nostru
359 1507 543 1554 cognouit
564 1511 676 1543 aetas
698 1517 804 1543 anno
823 1506 995 1544 Neronis
1016 1507 1221 1554 principis
1241 1516 1436 1553 supremo,
1458 1503 1593 1542 sicut
1614 1502 1667 1540 in

201 1559 351 1597 rebus
378 1559 486 1596 eius
509 1558 845 1606 exposuimus,
902 1559 1018 1606 §232
1048 1570 1181 1596 amnes
1200 1563 1305 1596 retro
1321 1559 1452 1606 fluere
1472 1561 1508 1594 et
1526 1561 1667 1594 nostra

201 1613 310 1651 uidit
329 1617 441 1650 aetas
466 1612 639 1649 Neronis
669 1612 872 1660 principis
893 1613 1102 1660 supremis,
1137 1610 1268 1649 sicut
1294 1609 1347 1647 in
1379 1608 1527 1647 rebus
1560 1608 1667 1646 eius

201 1664 512 1703 rettulimus.
559 1663 669 1702 cited
687 1663 742 1712 by
757 1663 854 1702 Tac.
874 1675 942 1702 an.
958 1675 1038 1701 xm
1058 1665 1121 1701 20.
1150 1675 1204 1701 xv
1220 1663 1282 1701 53.
1299 1661 1344 1700 h.
1365 1673 1418 1699 111
1438 1662 1500 1700 28.
1550 1661 1665 1700 Suet.

202 1729 328 1756 never
346 1728 492 1755 names
512 1716 558 1755 it.
615 1717 681 1755 On
700 1716 773 1755 the
792 1728 866 1754 use
890 1716 1012 1754 made
1038 1715 1084 1754 of
1105 1715 1138 1754 it
1162 1715 1217 1764 by
1237 1715 1333 1752 Tac.
1355 1714 1439 1753 and
1457 1714 1567 1753 Plut.
1599 1725 1667 1752 see

203 1770 353 1808 Nissen
380 1769 426 1807 in
453 1769 534 1807 Rh.
564 1769 672 1808 Mus.
702 1781 800 1807 XXVI
826 1770 1050 1808 497—548.
1105 1768 1322 1806 Detlefsen
1353 1767 1400 1805 in
1426 1766 1667 1814 Philologus

202 1835 327 1861 xxm
362 1823 531 1862 40—49.
605 1822 817 1860 TEUFFEL.
891 1820 1214 1860 Continuations
1249 1832 1355 1858 were
1391 1819 1665 1858 fashionable.

203 1876 309 1914 Xen.
342 1875 426 1913 and
455 1875 748 1923 Theopompus
776 1874 1004 1913 continued
1031 1874 1160 1914 Thuc.
1196 1873 1292 1921 (DS.
1312 1884 1392 1911 xm
1411 1873 1494 1921 42),
1524 1871 1667 1921 Polyb.

207 1929 238 1980 (1
257 1930 281 1968 5
300 1930 321 1976 ἓ
342 1929 381 1980 1)
403 1927 612 1976 Timaeus,
635 1926 795 1966 Marius
814 1927 1025 1966 Maximus
1046 1926 1286 1966 Suetonius.

283 2031 425 2060 AVFIDI
443 2031 559 2058 BASS1
586 2018 696 2057 cited
717 2018 796 2067 (for
815 2017 888 2056 the
907 2017 992 2056 size
1012 2017 1058 2056 of
1073 2016 1285 2067 Armenia)
1307 2017 1371 2056 Pl.
1385 2016 1431 2055 h.
1444 2029 1488 2055 n.
1504 2028 1549 2055 VI
1567 2017 1667 2065 §27.

206 2073 434 2122 fragments
453 2085 508 2110 on
528 2070 705 2109 Cicero's
725 2070 850 2109 death
869 2070 914 2108 in
936 2071 1030 2110 Sen.
1052 2083 1163 2109 suas.
1186 2071 1209 2110 6
1228 2072 1271 2118 ἐξ
1292 2071 1353 2110 18,
1379 2070 1443 2108 24.
1492 2069 1668 2118 Quintil.

206 2137 235 2165 x
255 2127 277 2164 1
297 2129 318 2175 ἓ
338 2126 414 2164 108
443 2138 563 2174 quam
582 2123 798 2173 [historiae
817 2123 1127 2172 auctoritatem]
1150 2126 1321 2172 paulum
1348 2128 1480 2161 aetate
1503 2134 1667 2172 praece-

206 2181 301 2219 dens
331 2191 419 2217 eum
447 2177 691 2227 [Seruilium
722 2176 981 2226 Nonianum]
1012 2176 1206 2214 Bassus
1234 2175 1471 2214 Aufidius
1498 2176 1669 2224 eqreyie,

205 2234 346 2282 utique
374 2233 421 2270 in
450 2232 565 2268 libris
595 2230 689 2268 belli
720 2230 956 2277 yermanicz',
985 2230 1210 2277 praestitit,
1242 2241 1383 2277 qenere
1409 2230 1496 2278 ipso
1523 2229 1670 2277 proba·

208 2287 316 2333 bilis,
346 2286 393 2323 in
420 2284 602 2333 operibus
632 2282 872 2331 quibusdam
898 2283 982 2320 suis
1009 2283 1093 2330 ipse
1119 2283 1280 2319 uiribus
1304 2283 1446 2320 minor.
1506 2280 1602 2320 Tae.
1627 2279 1666 2320 d.

207 2340 259 2377 23
279 2339 350 2386 qui
367 2337 576 2375 Lucilium
592 2347 668 2384 pro
690 2335 869 2372 Horatio
896 2339 934 2372 et
952 2335 1190 2372 Lucretium
1209 2346 1286 2382 pro
1310 2335 1492 2381 Veryilio
1518 2334 1670 2382 lequnt,

210 2392 356 2441 quibus
377 2390 606 2438 eloquentia
633 2386 806 2425 Aufidi
833 2385 982 2424 Bassi
1009 2391 1083 2424 aut
1101 2387 1275 2424 Seruilii
1295 2387 1482 2425 Noniani
1502 2398 1551 2424 ex
1570 2397 1670 2424 com-

205 2445 420 2494 paratione
447 2443 641 2480 Sisennae
667 2445 740 2478 aut
763 2440 957 2478 Varronis
982 2439 1130 2477 sordet.
1188 2438 1285 2478 sen.
1305 2451 1368 2487 ep.
1390 2440 1441 2477 30
1465 2441 1486 2487 ξ
1508 2439 1530 2475 1
1557 2437 1669 2476 Bas-

211 2507 318 2534 sum
367 2493 642 2540 Aufidium,
688 2494 826 2531 uirum
861 2493 1067 2540 optimum,
1115 2493 1245 2529 aetati
1282 2493 1551 2530 obluctantem
1593 2493 1670 2529 cet.

209 2551 252 2597 §§
273 2549 309 2586 3.
335 2548 372 2586 5.
402 2548 440 2587 9.
469 2547 532 2584 10.
560 2546 623 2584 13.
651 2545 715 2583 14.
746 2545 808 2584 16.
867 2543 946 2582 His
974 2543 1087 2582 work
1112 2543 1314 2593 probably
1339 2546 1450 2582 went
1477 2543 1597 2582 down
1628 2544 1672 2581 to

211 2600 429 2646 Claudius;
457 2597 645 2637 whether
668 2597 740 2636 the
760 2596 944 2636 German
971 2608 1056 2636 war
1082 2608 1167 2636 was
1196 2608 1221 2636 a
1247 2598 1342 2646 part
1369 2596 1416 2636 of
1438 2595 1487 2644 it,
1517 2607 1564 2635 οι·
1590 2593 1670 2634 dis-

212 2653 332 2700 tinct,
351 2653 388 2691 is
407 2651 611 2692 doubtful.
668 2650 881 2689 TEUFFEL.
