1775 3010
142 227 227 277 12]
336 226 690 267 SUBSICIVVM.
745 225 947 265 CICERO
985 225 1199 266 PLINY'S
1235 223 1445 264 MODEL.
1527 224 1607 262 213

140 334 216 371 que
249 320 476 360 editione
503 326 716 369 utrumque
746 321 880 360 dicere
910 322 1167 360 uoluerimus.
1228 318 1372 358 Claud.
1400 318 1529 357 Mam.
1555 317 1606 356 de

142 377 239 413 stat.
261 387 327 413 an.
350 373 478 422 praef.
501 374 559 424 (to
580 372 790 424 Sidonius)
811 386 873 422 pr.
904 373 1182 412 editionem
1209 374 1435 410 libellorum
1451 372 1602 410 mihi...

140 429 363 477 imperasti.
418 426 472 465 ib.
499 426 572 464 fin.
613 427 787 475 proinde
813 429 1027 465 consilium
1053 433 1166 464 tuum
1189 427 1358 463 asserito
1378 430 1416 462 et
1435 425 1607 474 defensi·

142 487 253 526 tat0‚·
285 481 478 529 quoniam
504 480 542 516 si
571 480 618 516 in
648 480 709 516 his
743 491 853 516 secus
883 481 1058 528 aliquid,
1091 491 1160 527 eqo
1185 479 1475 526 conscriptione
1495 477 1607 525 peri-

141 535 350 580 clitauero,
388 538 433 569 tu
464 531 704 569 editione.
759 531 899 569 Rufin.
932 533 1027 571 326·
1059 532 1211 580 Migne.
1269 541 1455 568 ADLEGAS
1482 530 1508 567 4
1535 531 1557 577 5
1582 530 1608 567 4

141 586 169 624 1.
190 587 213 624 5
234 598 276 623 n.

218 653 246 693 1.
271 655 294 690 2
323 665 523 691 SVBSICIVI
551 664 758 690 TEMPORIS
786 652 918 692 Lucil.
950 652 1033 690 Cic.
1064 653 1159 692 Sen.
1187 652 1248 689 Pl.
1269 651 1365 690 h.n.
1430 649 1607 698 Quintil.

143 706 247 745 Gen.
285 706 382 753 (add
399 718 480 743 XIII
500 707 548 743 25
579 707 643 753 54
668 718 807 743 uocum
839 706 1074 750 latinarum,
1110 718 1210 754 quas
1245 703 1506 742 subsiciuo
1536 709 1609 741 aut

141 760 404 797 tumultuario
423 760 557 797 studio
578 760 692 806 colo).
748 758 871 806 Apul.
928 758 956 796 1.
986 760 1008 796 3
1036 759 1061 795 4
1090 770 1271 795 'rmum
1290 769 1394 795 ms
1412 767 1609 795 BENIGNI-

141 823 242 850 TATE
271 823 492 849 POETARVM
521 823 698 848 mei-:sn
729 822 898 849 rov1ssE
929 812 977 848 21
998 813 1018 858 5
1037 812 1060 849 5
1084 810 1269 862 (Mastial
1288 810 1430 848 knows
1451 808 1610 858 Pliny’s

140 864 257 902 weak
288 865 407 913 point
434 864 554 902 when
581 863 634 902 he
663 876 757 913 says
785 863 878 902 that
905 863 959 902 he
985 864 1022 902 is
1049 863 1235 913 engaged
1260 863 1378 913 with)
1409 864 1480 900 hoc
1502 863 1611 911 quod

141 919 306 956 saecula
324 919 554 967 posterique
568 919 727 966 possint
753 923 758 968 1
783 914 988 965 Arpinis
1014 929 1170 966 quoque
1190 928 1420 966 comparare
1441 916 1609 954 chartis.

142 982 160 1008 1
179 971 202 1008 2
222 972 243 1018 5
262 972 287 1007 4
314 983 394 1008 non
424 977 556 1008 tamen
588 972 746 1008 omnino
780 969 933 1008 Marci
962 971 1090 1007 nostri
1124 972 1309 1015 ληκύθους
1331 970 1529 1018 suyimus.
1586 969 1609 1006 5

142 1026 163 1072 5
182 1024 233 1061 11
260 1023 441 1071 Regulus
461 1022 717 1071 apologising
737 1026 778 1060 to
799 1023 859 1061 Pl.
894 1024 956 1060 ait
975 1035 1014 1060 se
1037 1024 1173 1060 timere
1202 1035 1250 1060 ‘ne
1277 1024 1410 1059 ani-mo
1431 1033 1515 1059 meo
1539 1032 1612 1069 pe-

142 1078 254 1115 nitus
280 1078 461 1114 haereret
484 1077 589 1125 quod
614 1077 659 1114 in
685 1077 971 1114 centumuirali
995 1076 1148 1113 iudicio
1178 1076 1399 1123 aliquando
1428 1075 1606 1121 dixisset,

144 1142 233 1168 cum
249 1130 502 1178 ‘responderet
521 1130 622 1166 mihi
649 1134 687 1166 et
715 1130 853 1166 Satrio
872 1130 992 1177 Rus0‚
1024 1133 1032 1149 ‘
1048 1129 1211 1166 Satrius
1230 1129 1377 1176 Rufus,
1408 1126 1488 1164 cui
1514 1138 1611 1164 non

144 1184 216 1220 est
236 1194 345 1220 cum
365 1181 604 1219 Cicerone
625 1180 912 1225 aemulatio,
934 1187 972 1219 et
992 1183 1063 1229 qui
1083 1186 1288 1219 contentus
1308 1186 1366 1218 est
1381 1181 1613 1229 eloquentia

143 1237 296 1273 saeculi
314 1234 473 1273 nostri)
528 1236 548 1281 5
571 1235 618 1271 12
649 1234 770 1283 Pliny
789 1233 959 1282 replied,
986 1233 1019 1272 it
1040 1233 1175 1283 might
1200 1245 1297 1282 pass
1317 1233 1379 1270 for
1399 1245 1423 1271 a
1442 1232 1610 1281 compli-

144 1291 273 1327 ment.
335 1293 417 1326 ‘est
445 1288 567 1325 enim’
602 1290 771 1336 inquam
806 1286 954 1324 ‘mihi
986 1299 1094 1325 cum
1130 1287 1368 1324 Cicerone
1399 1285 1612 1324 aemula-

144 1341 228 1388 tio,
265 1352 337 1379 nec
370 1353 456 1378 sum
491 1345 696 1378 contentus
732 1341 960 1388 eloquentia
993 1341 1148 1378 saeculi
1181 1341 1339 1378 nostri:
1375 1342 1394 1387 5
1432 1340 1481 1376 13
1517 1350 1615 1376 ‘nam

144 1395 425 1432 stultissimum
445 1395 560 1431 credo
579 1394 633 1430 acl
652 1394 894 1430 imitandum
912 1405 991 1430 non
1006 1395 1157 1442 optima
1171 1405 1351 1442 quaeque
1365 1390 1613 1441 proponere.’

146 1447 197 1484 20
217 1448 260 1494 55
287 1449 311 1487 7
340 1447 378 1483 8.
434 1457 477 1483 rv
507 1447 531 1483 8
550 1447 592 1493 55
610 1446 714 1483 4.—6
744 1457 826 1494 you
854 1445 1000 1494 rejoice
1028 1445 1121 1483 that
1148 1446 1171 1483 I
1200 1458 1269 1483 am
1293 1457 1436 1494 augur,
1465 1443 1614 1492 chiefly

144 1499 319 1538 because
349 1498 433 1536 Cic.
465 1499 554 1536 also
581 1510 666 1536 was
694 1510 836 1546 augur.
892 1499 914 1535 Ι
932 1510 1014 1535 was
1042 1498 1188 1536 consul
1217 1501 1260 1536 at
1281 1510 1335 1536 an
1365 1497 1512 1536 earlier
1539 1509 1614 1546 age

144 1552 252 1590 than
269 1551 341 1590 he:
372 1551 508 1589 would
527 1551 620 1589 that
646 1553 710 1589 ita
734 1563 854 1589 senez·
879 1553 1021 1589 saltem
1049 1553 1256 1599 inqenium
1282 1554 1367 1589 e1'us
1393 1552 1536 1599 aliqua
1564 1563 1614 1588 ex

139 1611 260 1655 parte
289 1606 453 1654 adsequi
475 1607 640 1653 possim.
695 1616 722 1641 v
742 1606 765 1641 3
786 1607 804 1649 ,Ε
826 1605 862 1642 5.
906 1616 966 1641 vu
988 1606 1037 1643 17
1059 1607 1078 1651 5
1101 1606 1161 1643 13.
1208 1616 1252 1641 lx
1280 1606 1303 1641 2
1331 1607 1375 1641 to
1410 1602 1612 1642 Sabinus:

144 1670 226 1707 you
246 1657 321 1696 ask
339 1657 404 1696 for
431 1657 528 1706 long
556 1657 698 1696 letters
727 1657 810 1694 and
829 1669 958 1706 many
977 1657 1022 1694 of
1047 1657 1182 1695 them:
1212 1658 1276 1704 52
1299 1663 1516 1706 praeterea
1542 1668 1614 1694 ‘nec

145 1712 319 1749 materia
347 1713 473 1760 plura
513 1712 717 1748 scribendi
756 1711 941 1748 elabatur.
997 1722 1123 1759 neque
1161 1712 1267 1748 enim
1303 1711 1440 1748 eadem
1474 1715 1614 1748 nostra

146 1765 327 1802 condicio
361 1776 464 1812 quae
497 1764 557 1801 M.
591 1765 717 1810 Tulli,
756 1764 811 1800 acl
845 1765 958 1801 euius
991 1764 1208 1812 exemplum
1245 1775 1315 1801 nos
1352 1774 1485 1802 uocas.
1545 1762 1614 1800 illi

146 1819 252 1856 enim
282 1823 321 1855 et
353 1817 669 1866 copiosissimum
700 1818 908 1864 inqenium
940 1821 979 1854 et
1009 1829 1091 1865 par
1119 1818 1282 1864 inqenio
1319 1827 1401 1864 qua
1430 1816 1614 1853 uarietas

144 1882 277 1908 rerum
313 1882 396 1918 qna
432 1869 668 1916 mannitudo
706 1870 930 1917 laryissime
966 1870 1212 1918 suppetebat.
1273 1869 1425 1906 Munro
1458 1868 1615 1917 (11110τὲΞ

147 1922 370 1972 297-300)
402 1922 600 1960 confirms
639 1921 693 1970 by
717 1921 833 1960 these
860 1921 992 1959 words
1030 1923 1075 1959 of
1114 1922 1173 1962 Pl.
1207 1921 1278 1959 the
1307 1922 1535 1959 statement
1572 1920 1618 1959 of

148 1975 279 2020 (Suet.
308 1975 370 2021 in)
400 1975 563 2013 Jerome
582 1974 676 2013 that
697 1974 768 2012 the
796 1986 916 2023 poem
945 1974 990 2012 of
1014 1974 1136 2014 Lucr.
1169 1987 1254 2012 was
1281 1973 1418 2012 edited
1446 1973 1501 2022 by
1521 1974 1614 2023 [M.]

147 2029 301 2066 Cicero.
348 2028 423 2067 See
442 2028 530 2066 also
550 2027 622 2065 the
643 2026 792 2076 speech
811 2027 876 2065 for
886 2027 1073 2067 Archias,
1124 2039 1407 2066 BENIGXITATE
1428 2027 1478 2064 11
1498 2028 1555 2075 58
1570 2038 1612 2064 n.

147 2092 323 2119 memmi
353 2088 521 2118 Fowssn
553 2092 615 2118 vn
644 2081 697 2118 20
726 2082 792 2128 53
824 2081 998 2118 alterum
1026 2082 1198 2118 alterius
1227 2081 1365 2118 studia
1400 2079 1613 2118 fouisse.

149 2133 262 2172 Suet.
283 2134 332 2171 A.
352 2135 403 2172 89
423 2132 628 2181 ingenia
647 2135 799 2171 saeculi
819 2136 883 2171 sui
903 2135 1082 2171 omnibus
1103 2134 1230 2172 modis
1250 2133 1396 2172 fouit.
1440 2133 1613 2171 GOERIG.

147 2197 210 2234 ep.
234 2197 252 2224 1
271 2187 321 2224 14
340 2189 360 2234 5
382 2187 418 2224 1.
475 2187 588 2225 Suet.
608 2186 730 2236 Vesp.
754 2188 816 2226 18.
877 2186 974 2225 Tac.
996 2186 1035 2224 d.
1056 2188 1093 2225 5.
1142 2198 1210 2226 an.
1235 2197 1289 2224 xv
1309 2186 1370 2226 71.

226 2256 248 2301 5
273 2259 296 2292 2
322 2253 351 2291 1.
372 2255 396 2292 5
425 2265 630 2292 Ponncnx
657 2265 719 2291 vn
750 2255 775 2292 4
806 2255 868 2301 52
895 2266 1113 2303 numquam
1142 2267 1168 2292 a
1204 2252 1614 2302 poetice...alienus

140 2306 214 2356 sui
226 2320 241 2351 ;
272 2308 376 2355 quin
393 2308 517 2345 etiam
535 2308 856 2356 quattuordecim
874 2313 993 2345 natus
1014 2319 1138 2345 annos
1157 2319 1343 2353 ,qraecam
1368 2305 1618 2353 trayoediam

148 2360 307 2449 3Οσνίρξέ.
351 2360 576 2448 ‘gualemff
605 2361 758 2410 inquis.
805 2362 968 2406 ‘nescim
999 2360 1211 2408 tragoedia
1229 2359 1467 2397 uocabatur.
1512 2357 1613 2408 Nep.

185 2423 235 2450 ic.
293 2423 353 2449 ac.
405 2425 472 2452 .0.

228 2477 256 2515 1.
278 2478 302 2516 6
330 2489 672 2517 REL1G1OS1ssmE
700 2490 899 2517 VENEROR
927 2480 950 2518 7
978 2481 1044 2528 58
1062 2491 1105 2519 n.
1165 2478 1230 2517 On
1257 2477 1326 2516 his
1353 2490 1445 2517 own
1471 2480 1618 2528 poetry

155 2542 223 2569 see
237 2531 359 2568 1v14.
376 2531 439 2570 18.
472 2542 499 2568 v
517 2532 541 2569 3
563 2532 613 2569 10
635 2531 733 2583 (11).
768 2533 818 2570 15
841 2531 935 2584 (10).
974 2544 1035 2570 vn
1055 2533 1091 2570 4.
1122 2542 1202 2569 vm
1222 2532 1272 2569 21
1293 2533 1314 2579 5
1332 2532 1371 2569 4.
1401 2543 1445 2569 11
1465 2532 1516 2569 10
1533 2533 1554 2580 5
1574 2532 1611 2572 2.

152 2583 202 2622 16
234 2585 278 2632 55
297 2584 321 2621 2
350 2585 387 2623 3.
447 2583 606 2622 Teuffel
633 2585 752 2633 5340
778 2586 817 2623 4.
871 2583 1142 2622 Friedliinder
1174 2583 1244 2621 1111
1275 2585 1446 2624 353-9.
1500 2595 1616 2622 vam·

150 2648 323 2675 mssnm
351 2647 368 2674 1
387 2635 439 2674 20
457 2638 478 2684 5
497 2638 561 2676 22.
600 2649 644 2674 VI
663 2639 687 2675 8
707 2639 727 2685 5
746 2638 784 2678 9.
822 2649 866 2675 rx
884 2639 933 2676 35
954 2640 974 2686 5
996 2638 1030 2676 1.
1091 2637 1255 2676 Caelius
1279 2636 1324 2675 in
1341 2637 1445 2677 lexx.
1501 2636 1617 2676 Neue

151 2688 205 2728 11²
224 2689 300 2729 691
319 2688 399 2728 has
416 2690 651 2729 ualdissime
670 2689 778 2728 from
799 2690 896 2730 Sen.
916 2689 1119 2730 Hadrian.
