1775 3010
130 221 251 270 6-8]
304 221 714 271 ELOQVENTIVS.
770 221 1047 261 LIBERIVS.
1103 221 1438 260 AVDIENTES.
1527 222 1604 260 235

127 314 307 353 omnibus
345 325 447 363 qnae
480 315 666 352 dicentur
701 325 729 351 a
764 325 823 352 me
861 313 1079 353 libert-as
1102 314 1210 363 fides
1247 315 1402 352 ueritas
1439 320 1604 361 constet,

129 372 361 416 tantumque
380 379 408 404 a
424 369 553 415 specie
575 367 828 404 adulationis
848 369 955 405 absit
974 369 1203 415 mat-iarum
1228 369 1336 405 actio
1354 379 1455 412 mea,
1477 379 1604 416 quan-

129 426 212 456 tum
238 421 350 458 abest
367 432 395 458 a
418 419 738 458 necessitate.
799 419 859 459 Cf.
885 431 928 457 vr
945 421 995 459 27
1022 422 1042 468 §
1066 421 1089 457 2
1113 419 1239 467 (cited
1264 419 1405 467 above,
1430 432 1472 469 p.
1494 419 1602 471 229).

130 471 304 510 Gmme.
358 483 460 521 pan.
490 473 540 510 55
564 475 586 520 ἓ
615 473 640 512 9
666 471 824 517 ammes,
855 474 1029 518 statues,
1054 473 1246 521 temples,
1282 484 1353 511 are
1377 473 1600 521 forgotten‚

127 524 359 574 destroyed,
378 524 582 563 ridiculed
599 524 654 574 by
671 526 900 574 posterity:
931 532 1071 564 contra
1099 531 1344 587 contemptor
1368 527 1603 565 ambitionis

126 585 166 615 ct
184 579 372 628 infinitae
385 580 604 627 potestatis
624 579 795 616 domitor
812 591 860 617 ac
883 580 1074 628 frenator
1097 580 1256 617 animus
1280 580 1342 628 ips
1325 592 1372 617 sa
1395 585 1600 618 uetustate

116 633 315 680 florescit,
358 642 447 669 nec
484 631 543 669 ab
583 631 706 668 ullis
742 630 902 679 magis
940 631 1191 679 laudatur,
1235 643 1381 680 quam
1420 631 1602 680 quibus

125 683 334 722 minime
359 695 564 723 necesse
592 686 680 724 est.
745 685 770 721 4
799 661 851 722 ito
861 684 897 722 is
926 684 998 723 the
1021 696 1136 722 more
1155 697 1375 733 necessary
1393 687 1438 723 to
1455 684 1604 723 render

124 736 267 784 public
304 737 459 775 thanks
498 738 604 786 quod
633 750 784 786 parens
824 736 955 775 noster
986 740 1182 787 priuatas
1216 738 1497 786 gratiarum
1530 749 1602 777 ac-

125 789 292 828 tiones
323 791 483 828 cohibet
515 796 552 828 et
586 792 824 839 comprimit,
859 792 1152 829 intercessurus
1187 793 1310 829 etiam
1334 792 1529 840 publicis,
1563 793 1602 830 si

119 844 372 892 permitteret
390 845 470 881 sibi
492 849 632 881 uetare
659 845 766 892 qnod
783 849 946 881 senatus
974 845 1141 882 iuberet.
1198 850 1425 892 utrumque,
1450 845 1603 882 Caesar

123 898 318 944 Auguste,
338 897 552 941 moderate,
573 902 612 934 et
635 897 741 945 qnod
761 897 865 934 alibi
892 898 970 934 tibi
995 897 1192 943 gratias
1222 896 1302 945 agi
1326 909 1407 935 non
1432 899 1536 935 sinis
1563 903 1602 935 et

125 950 230 998 quod
250 950 314 988 hic
334 950 451 987 sinis.
510 962 590 987 non
618 951 724 987 enim
749 962 775 987 a
802 955 837 987 te
857 951 939 998 ipsi
962 951 1038 988 tibi
1061 953 1186 989 honor
1205 951 1281 988 iste
1300 950 1371 988 sed
1390 951 1601 999 clyentibus

125 1002 308 1041 habetur.
378 1004 487 1040 cedis
519 1003 745 1051 adfectibus
779 1004 940 1049 nostris,
978 1015 1063 1041 nec
1093 1002 1246 1040 nobis
1279 1015 1489 1042 munera
1515 1005 1601 1042 tua

122 1054 427 1104 praedicare,
451 1057 520 1093 sed
540 1057 684 1093 audire
706 1057 784 1094 tibi
803 1067 1006 1094 nece-sse
1026 1059 1114 1095 est.
1166 1055 1308 1094 Pacat.
1330 1057 1368 1094 2.

202 1128 228 1170 l.
254 1130 304 1168 13
334 1142 510 1168 GRAVARI
540 1131 563 1168 6
592 1133 612 1178 ξ
642 1130 666 1169 6
694 1142 737 1168 n.
793 1141 952 1168 vacro
980 1141 1190 1168 TEMPORIS
1219 1129 1300 1169 abl.
1326 1141 1372 1168 as
1402 1130 1452 1167 14
1471 1132 1492 1178 ξ
1510 1129 1536 1168 4
1554 1140 1598 1168 n.

123 1195 223 1232 pan.
249 1184 299 1222 56
317 1186 338 1232 ξ
355 1185 378 1220 2
400 1185 505 1233 quod
526 1189 774 1229 momentum,
796 1185 902 1232 quod
927 1185 1044 1222 immo
1065 1183 1310 1232 temporis
1340 1186 1598 1231 punctum.

124 1235 209 1275 Cic.
231 1236 335 1275 Caes
371 1237 464 1277 Sen.
490 1236 577 1274 ind.
634 1237 662 1274 1.
685 1238 735 1275 14
754 1247 906 1274 'rssrnvo
929 1238 978 1273 14
997 1238 1018 1284 ξ
1038 1237 1063 1274 4
1082 1249 1122 1276 n.
1148 1248 1183 1274 11
1205 1237 1253 1274 11
1273 1238 1294 1285 ξ
1315 1237 1365 1275 18
1385 1237 1461 1275 bis.

188 1308 230 1347 ·1.
253 1310 302 1347 15
321 1320 603 1353 Etoomxrrvs
625 1309 776 1357 superi.
797 1320 831 1347 11
852 1309 900 1347 11
921 1311 941 1357 ξ
962 1310 1025 1349 17.
1045 1321 1089 1347 vr
1109 1310 1159 1347 21
1180 1311 1201 1357 ἓ
1220 1309 1259 1347 4.
1317 1308 1405 1347 The
1421 1308 1600 1359 positive

121 1361 159 1400 is
178 1361 268 1400 said
294 1365 337 1401 to
357 1362 407 1400 be
426 1363 472 1400 in
493 1362 580 1401 Liv.
609 1362 821 1413 (Kiihnast
847 1362 948 1400 cites
975 1362 1236 1401 Hfldebrand
1260 1362 1423 1400 Dortm.
1455 1363 1597 1411 Progr.

123 1415 227 1454 1868
264 1416 321 1464 5).
377 1415 525 1464 Query.
557 1415 794 1459 Forcelhni,
823 1415 1004 1460 Freund,
1034 1415 1176 1453 White
1206 1418 1282 1455 cet.
1318 1415 1515 1464 question
1541 1416 1597 1454 its

121 1468 343 1507 existence.
400 1468 580 1517 Georges
615 1468 737 1519 (after
763 1467 963 1519 Paucker)
991 1467 1105 1515 gives
1125 1469 1158 1507 it
1178 1469 1287 1506 from
1307 1468 1361 1517 gl.
1386 1468 1469 1507 and
1489 1469 1592 1516 Aug.

121 1521 149 1559 1.
173 1523 223 1561 16
241 1533 434 1560 LIBERIVS
452 1533 531 1560 vm
552 1525 573 1562 7
595 1524 615 1569 {5
639 1523 676 1559 2.
734 1533 830 1570 pan.
859 1521 908 1559 63
928 1521 956 1560 f.
983 1523 1039 1559 ibi
1062 1523 1395 1571 intemperantius
1417 1535 1596 1560 amamus

124 1575 241 1613 bonos
265 1576 488 1624 principes,
525 1575 596 1613 ‘ubi
633 1574 849 1613 liberius
882 1575 1000 1613 bonos
1031 1576 1200 1613 odimus.
1258 1575 1351 1612 Ter.
1381 1575 1464 1613 Cic.
1491 1574 1596 1613 Hor.

123 1627 298 1676 Quintil.
351 1628 516 1667 Petron.
543 1628 604 1667 79.
663 1628 778 1666 Curt.
808 1639 862 1665 111
891 1629 913 1665 5
946 1630 966 1675 ἓ
1001 1629 1035 1668 9.
1087 1640 1149 1665 vn
1183 1629 1205 1665 1
1236 1629 1255 1675 ἕ
1286 1629 1348 1668 38.
1381 1639 1427 1666 11
1456 1629 1480 1666 3
1508 1630 1529 1677 ξ
1557 1629 1595 1666 2.

120 1692 344 1719 LxssENrrvs
364 1680 448 1719 Cic.
467 1679 643 1729 Quintil.
664 1680 768 1719 Hor.
790 1693 822 1718 s.
844 1692 879 1718 11
898 1681 922 1719 6
943 1682 1007 1718 20.
1037 1693 1101 1730 ep.
1123 1693 1158 1719 11
1179 1682 1200 1718 1
1224 1681 1314 1719 262.

200 1756 221 1801 ς
245 1759 268 1793 7
291 1753 321 1792 1.
342 1754 393 1792 18
415 1764 555 1791 nsit-Is».
572 1764 695 1791 FALSA
718 1764 830 1790 VERA
847 1765 1044 1791 Ammms
1064 1753 1277 1792 chiasmus
1297 1756 1317 1802 ξ
1336 1755 1374 1794 3.
1424 1765 1598 1794 vr...11·A

123 1808 172 1844 13
191 1808 212 1854 ξ
231 1807 255 1844 2
275 1818 317 1844 n.
372 1817 568 1845 numus
598 1818 623 1843 v
649 1807 700 1845 16
725 1809 745 1855 g
767 1808 788 1844 1
807 1819 887 1856 qua
907 1808 1052 1856 puella
1070 1808 1179 1845 nihil
1198 1819 1407 1856 umquam
1407 1808 1596 1850 festinius

122 1859 408 1898 amabilius.
464 1871 527 1897 vn
548 1860 637 1907 19
621 1861 639 1886 ²
662 1861 684 1899 7
706 1872 826 1909 qnam
845 1861 1016 1908 denique
1039 1861 1161 1909 (qnod
1185 1862 1331 1910 paucis
1361 1861 1500 1898 datum
1520 1863 1593 1910 est)

120 1925 200 1951 ‘non
218 1915 350 1951 minus
370 1911 617 1960 amabilis,
651 1925 774 1963 quam
791 1914 1037 1951 ueneranda.
1093 1925 1190 1962 pan.
1213 1914 1263 1951 55
1284 1913 1313 1950 f.
1337 1912 1395 1964 (of
1424 1913 1595 1965 Trajan)

121 1967 236 2004 cuius
257 1967 481 2004 laetissima
503 1966 640 2015 facies
664 1971 703 2004 et
733 1965 966 2004 amabilis
995 1968 1134 2004 uultus
1163 1968 1211 2005 in
1235 1969 1412 2005 omnium
1442 1968 1597 2006 ciuium

122 2031 187 2058 ore
206 2020 334 2057 oculis
353 2020 488 2057 animo
505 2020 627 2057 sedet.

199 2103 222 2148 ἓ
240 2105 265 2140 8
287 2100 316 2139 1.
339 2101 387 2141 19
412 2112 674 2139 Avnmxrnm
701 2100 763 2149 §4
784 2102 1035 2141 recitantem.
1092 2112 1109 2139 1
1130 2101 1181 2139 20
1200 2102 1220 2149 ξ
1242 2101 1292 2141 17
1313 2102 1593 2150 relinquere...

122 2156 306 2193 aculeum
333 2155 381 2192 in
410 2153 733 2193 audientium
760 2155 918 2193 animis.
980 2166 1014 2192 11
1035 2155 1083 2191 11
1104 2157 1125 2202 ξ
1146 2156 1194 2192 13
1218 2156 1330 2203 coepi
1356 2156 1489 2192 dicere
1517 2166 1597 2192 non

123 2209 272 2246 minore
300 2206 615 2245 audientium
640 2209 816 2245 adsensu
844 2220 965 2256 quam
991 2209 1268 2246 sollicitudine
1297 2220 1395 2245 mea.
1434 2208 1495 2246 ·19
1515 2210 1536 2256 ἓ
1556 2208 1594 2244 2.

122 2272 165 2297 1v
184 2260 208 2299 9
229 2261 250 2308 ἓ
270 2260 319 2296 11
348 2259 607 2298 audientis
636 2261 821 2299 intentio.
883 2272 961 2298 vin
990 2261 1039 2297 21
1061 2263 1080 2308 ξ
1102 2262 1136 2299 4.
1198 2272 1295 2308 pan.
1327 2260 1378 2298 62
1403 2262 1423 2308 ξ
1450 2261 1487 2300 9.
1545 2260 1595 2301 67

121 2313 200 2360 ξ4.
257 2312 342 2350 Cic.
380 2312 475 2350 Liv.
543 2312 597 2351 So
626 2313 838 2358 discentes,
868 2315 1078 2361 medentes,
1113 2314 1344 2355 scribentes,
1373 2314 1592 2354 studentes.

123 2365 212 2403 The
247 2377 363 2403 nom.
396 2364 502 2414 sing.
535 2377 582 2403 so
611 2365 715 2404 used
745 2365 837 2404 first
873 2366 920 2403 in
955 2366 1125 2404 Seneca.
1182 2365 1444 2414 Nblgelsbaeh
1475 2367 1496 2414 ἓ
1527 2367 1591 2406 29.

121 2418 280 2465 Dr'ager
313 2417 414 2456 hist.
437 2418 556 2467 Synt.
577 2417 612 2456 12
643 2420 788 2458 48-9.
844 2430 1040 2457 nmen-21
1066 2420 1116 2458 15
1137 2421 1157 2467 ξ
1178 2420 1201 2457 3
1220 2430 1263 2456 n.
1320 2429 1366 2456 rx
1395 2419 1420 2456 8
1452 2420 1474 2466 5
1505 2419 1528 2456 1
1557 2419 1598 2457 si

124 2471 315 2510 laudatus
344 2483 371 2509 a
401 2477 438 2509 te
473 2472 640 2509 laudare
671 2478 708 2510 te
737 2484 911 2521 coepero,
944 2484 1086 2510 uereor
1114 2484 1163 2510 ne
1195 2484 1276 2510 non
1306 2477 1389 2510 tam
1412 2473 1597 2522 proferre

121 2523 365 2562 iudicium
383 2535 512 2562 meum
531 2536 650 2573 quam
669 2525 820 2575 referre
839 2526 1019 2574 qratiam
1038 2526 1199 2563 uidear.

201 2605 230 2645 1.
251 2606 303 2644 20
321 2616 429 2643 imm
448 2605 567 2653 452.
618 2616 635 2643 1
655 2604 745 2652 16§
770 2606 809 2643 2.
857 2617 900 2642 1v
930 2606 953 2645 9
984 2607 1004 2653 ἕ
1037 2605 1086 2642 21
1115 2604 1237 2643 mire
1265 2603 1595 2653 probabatur.

126 2670 148 2697 v
168 2659 217 2701 17
236 2659 257 2708 ἓ
275 2657 313 2697 6.
350 2669 395 2697 v1
414 2659 497 2707 23g
515 2658 552 2698 2.
597 2670 642 2697 ιχ
662 2657 712 2696 36
731 2661 752 2707 ς
774 2659 809 2698 1.
871 2657 955 2697 Cic.
1000 2658 1064 2696 Pl.
1083 2657 1128 2697 h.
1148 2670 1192 2697 n.
1247 2657 1424 2697 Phaedr.
1454 2670 1551 2709 app.
1571 2660 1597 2698 4
