1823 3000
630 251 754 296 VIII
813 251 1052 295 4—VIIII
1111 253 1138 296 ’7
1575 257 1628 297 15

145 355 286 401 nobis
311 355 565 402 Siluanum
588 355 639 399 in
663 355 818 399 locum
840 358 982 399 tuum
1006 353 1210 399 subdere
1225 369 1238 411 3
1274 353 1354 399 cui
1371 353 1510 415 cupio
1528 360 1630 400 tam

147 442 340 499 gratum
365 452 462 482 esse
485 450 663 480 munus
677 440 820 479 tuum
842 449 990 495 quam
1015 433 1108 479 tibi
1130 450 1292 479 meum
1316 440 1399 480 est.
1471 435 1592 481 uale.

797 669 971 715 VIIII

313 776 358 815 c,
388 775 609 815 Pmrvs
639 775 920 815 cossxnmo
949 745 1249 814 mismo
1282 773 1384 814 svo
1416 773 1458 812 s,

98 880 124 925 5
247 869 452 916 Possum
485 870 583 916 iam
618 870 910 931 perscribere
944 869 1037 915 tibi
1074 873 1310 930 quantum
1349 867 1401 912 in
1437 865 1630 928 publica
1655 887 1671 909 1

147 950 425 1011 prouinciae
461 951 688 996 Baeticae
723 966 863 996 causa
900 949 1079 995 laboris
1125 948 1443 994 exhauserim.
1515 963 1628 992 nam
1654 967 1672 988 2

147 1030 243 1075 fuit
265 1029 525 1091 multiplex
548 1036 751 1091 actaque
766 1035 839 1075 est
854 1029 1044 1090 saepius
1060 1044 1168 1074 cum
1186 1043 1363 1088 magna
1376 1026 1626 1074 uarietate.

148 1108 278 1154 unde
300 1109 547 1154 uarietas?
581 1110 709 1155 unde
735 1109 898 1170 plures
929 1109 1173 1154 actiones?
1241 1107 1477 1154 Caecilius
1502 1107 1629 1154 Clas-

148 1189 287 1248 sicus,
313 1188 456 1234 homo
478 1189 646 1235 foedus
679 1194 728 1234 et
763 1195 927 1250 aperte
961 1188 1130 1243 malus,
1157 1187 1553 1249 proconsulatum
1577 1188 1631 1232 in

67 1278 126 1324 10
150 1283 206 1312 ea
227 1283 326 1313 non
350 1268 513 1314 minus
548 1269 790 1314 uiolenter
814 1284 957 1330 quam
994 1268 1183 1313 sordide
1217 1272 1429 1328 gesserat
1464 1267 1628 1312 eodem

147 1365 276 1394 anno
300 1364 396 1410 quo
419 1349 472 1395 in
495 1350 666 1395 Africa
691 1350 879 1395 Marius
907 1348 1110 1394 Priscus.
1183 1353 1286 1394 erat
1310 1355 1474 1393 autem
1501 1347 1630 1393 Pris-
1654 1364 1673 1395 3

149 1447 232 1476 cns
277 1446 338 1475 ex
384 1429 596 1488 Baetica,
633 1446 694 1476 ex
734 1431 906 1476 Africa
953 1429 1202 1475 Classicus,
1290 1429 1405 1474 inde
1445 1429 1632 1474 dictum

150 1511 473 1569 Baeticorum,
500 1517 557 1556 ut
591 1511 874 1572 plerumque
899 1510 1034 1555 dolor
1071 1510 1216 1555 etiam
1241 1515 1471 1555 uenustos
1495 1509 1625 1567 facit,

150 1606 250 1636 non
272 1590 539 1652 inlepidum
564 1590 810 1635 ferebatur
837 1590 969 1635 ‘dedi
1000 1590 1181 1634 malum
1214 1595 1262 1634 et
1291 1588 1477 1648 accepi.’
1548 1587 1631 1633 sed
1655 1613 1674 1641 4

69 1677 126 1721 15
151 1668 367 1714 Marium
404 1685 504 1714 una
543 1669 718 1714 ciuitas
757 1669 947 1730 publice
986 1668 1226 1730 multique
1266 1667 1448 1729 priuati
1494 1683 1631 1712 reum

150 1757 452 1813 peregerunt,
478 1751 530 1796 in
553 1750 816 1797 Classicum
840 1756 944 1796 tota
967 1752 1218 1812 prouincia
1241 1750 1477 1796 incubuit.
1548 1750 1631 1796 1116
1656 1767 1674 1796 5

150 1834 500 1878 accusationem
537 1833 616 1878 uel
652 1833 856 1878 fortuita
892 1833 971 1877 uel
1005 1832 1285 1877 uoluntaria
1311 1839 1467 1879 morte
1501 1848 1633 1894 prae-

149 1914 313 1960 uertit.
386 1929 498 1958 narn
533 1913 629 1958 fuit
653 1929 781 1958 mors
815 1914 919 1958 eius
942 1911 1151 1970 infamis,
1177 1913 1404 1974 ambigua
1433 1919 1598 1958 tamen
1623 1929 1632 1958 :

150 1998 209 2038 ut
231 1993 359 2038 enim
384 1994 612 2039 credibile
638 1994 895 2039 uidebatur
913 1994 1123 2040 uoluisse
1147 1994 1279 2040 exire
1303 1994 1362 2040 de
1376 1995 1494 2051 uita,
1523 2011 1632 2040 cum

67 2075 130 2121 20
152 2071 343 2118 defendi
378 2090 476 2118 non
510 2079 683 2135 posset,
721 2075 791 2119 ita
826 2074 1004 2118 mirum
1039 2074 1269 2134 pudorem
1307 2075 1633 2120 damnationis

152 2156 306 2198 morte
329 2151 509 2213 fugisse
533 2169 676 2214 quem
701 2169 799 2198 non
831 2153 1084 2214 puduisset
1115 2154 1388 2218 damnanda
1420 2155 1634 2200 commit-

151 2236 266 2278 tere.
337 2233 492 2279 nihilo
523 2234 685 2279 minus
717 2233 916 2279 Baetica
950 2234 1095 2280 etiam
1128 2234 1180 2278 in
1205 2233 1424 2279 defuncti
1447 2250 1632 2280 accusa·
1655 2250 1675 2280 6

153 2312 286 2357 tione
319 2314 575 2374 perstabat.
648 2313 899 2374 prouisum
940 2314 1029 2359 hoc
1062 2313 1262 2374 legibus,
1300 2313 1633 2358 intermissum

153 2396 319 2437 tamen
352 2400 401 2438 et
423 2399 531 2454 post
554 2393 746 2455 longam
776 2394 1186 2454 intercapedinem
1210 2399 1327 2438 tunc
1362 2393 1628 2439 reductum.

68 2478 129 2524 25
154 2471 449 2516 addiderunt
493 2472 682 2517 Baetici
727 2473 856 2534 quod
903 2473 1049 2518 simul
1095 2473 1244 2517 socios
1292 2471 1631 2532 ministrosque

156 2550 355 2597 Classici
377 2551 658 2597 detulerunt
681 2553 1066 2613 nominatimque
1089 2552 1138 2597 in
1166 2568 1244 2597 eos
1265 2550 1631 2612 inquisitionem

153 2630 535 2693 postulauerunt.
607 2633 804 2677 aderam
839 2632 1049 2677 Baeticis
1083 2645 1366 2692 mecumque
1397 2629 1632 2676 Lucceius
1657 2655 1676 2686 7

153 2711 382 2766 Albinus,
418 2711 496 2756 uir
530 2711 583 2756 in
616 2711 819 2757 dicendo
850 2712 1067 2773 copiosus
1102 2716 1301 2757 ornatus
1315 2726 1330 2768 3
1366 2726 1509 2772 quem
1544 2726 1631 2772 ego
