1775 3010
154 268 194 316 1]
541 263 870 304 GRATIARVM
905 263 1084 303 ACTIO.
1140 263 1228 302 AD.
1551 264 1626 302 229

152 371 278 408 verse,
298 360 343 398 to
360 358 430 397 his
448 357 705 402 recitations,
726 355 811 395 and
828 359 873 395 to
891 355 959 395 his
979 356 1174 405 speeches
1194 356 1240 394 in
1259 355 1331 395 the
1351 358 1491 396 oourts
1511 369 1558 396 or
1580 357 1626 395 in

152 413 227 452 the
259 415 415 451 senate.
476 410 538 449 Cf.
569 422 632 458 ep.
664 411 713 448 13
746 409 833 448 and
862 421 907 447 VI
937 411 988 449 27
1014 413 1035 458 ξ
1066 411 1088 448 1
1116 422 1228 458 roges
1258 416 1303 448 ut
1328 412 1498 458 coyitem
1527 412 1627 460 quid

152 467 386 514 desiynatus
404 465 543 502 consul
561 465 607 501 in
628 465 810 501 honorem
825 464 1031 512 principis
1051 475 1222 502 censeas,
1257 465 1406 513 facilis
1425 465 1626 509 inuentio,

151 531 232 557 non
248 519 394 567 facilis
419 518 589 561 electio;
621 522 681 554 est
707 518 815 554 enim
844 529 893 554 ex
922 517 1146 554 uirtutibus
1170 518 1255 554 eius
1281 518 1399 564 largya
1421 519 1623 555 materia:

150 573 325 610 scribam
343 576 488 614 tamen,
509 571 587 616 uel,
612 570 719 618 quod
738 570 854 616 malo,
879 581 1013 607 coram
1032 570 1233 617 indicabo,
1257 571 1295 607 si
1309 571 1427 618 prius
1447 571 1625 607 haesita-

154 626 301 663 tionem
318 635 448 662 meam
466 623 699 660 ostendero:
727 622 863 659 dubito
880 634 974 659 num
994 623 1100 660 idem
1120 623 1197 660 tibi
1215 624 1383 660 suadere
1399 623 1504 671 quod
1523 625 1625 661 mihi

152 678 325 716 debeam.
385 677 450 723 §2
480 675 778 723 designatus
806 686 891 722 ego
918 675 1098 712 consul
1123 676 1256 712 omni
1279 675 1382 722 hac,
1408 675 1506 713 etsi
1525 687 1624 713 non

152 729 459 776 adulatione,
495 727 663 776 speeie
692 731 862 765 tamen
888 727 1206 766 adulationis
1236 728 1491 775 abstinui;
1523 741 1624 766 non

151 791 409 843 tamquam
427 781 554 819 liber
575 784 620 818 et
641 784 894 828 constans,
926 780 1011 818 sed
1033 784 1289 829 tamquam
1313 782 1625 830 intellegens

150 835 406 885 principis
451 833 628 882 nostri,
680 833 824 872 cuius
870 833 1102 871 uidebam
1153 834 1282 872 hanc
1337 846 1443 873 esse
1489 846 1622 883 prae-

151 888 349 937 cipuam
381 887 591 934 laudem,
630 886 671 924 si
701 886 834 923 nihil
863 886 1008 934 quasi
1035 898 1092 924 ex
1121 887 1436 926 necessitate
1463 887 1622 926 decer-

151 953 335 980 nerem.
383 943 404 989 ξ
424 943 447 978 3
468 939 771 978 recordabar
787 939 943 977 etiam
966 939 1214 988 plurimos
1231 939 1452 979 honores
1470 942 1624 990 pessi-

151 1005 228 1032 mo
263 994 450 1042 cuique
483 993 693 1040 delatos,
736 1004 761 1031 a
801 992 982 1041 quibus
1019 991 1100 1030 hic
1136 993 1358 1041 optimus
1397 994 1623 1042 separari

149 1059 248 1086 non
286 1047 387 1085 alio
424 1045 581 1094 magis
613 1048 812 1094 poterat
843 1056 989 1094 quam
1019 1045 1325 1085 diuersitate
1356 1046 1622 1094 censendi3

151 1100 281 1149 quod
298 1100 464 1148 ipsum
483 1111 581 1137 non
609 1098 1024 1136 dissimulatione
1052 1102 1098 1137 et
1124 1099 1334 1138 silentio
1360 1099 1622 1148 praeterii,

80 1169 87 1173 ·
150 1165 211 1191 ne
230 1153 363 1191 forte
388 1165 488 1190 non
513 1152 760 1190 iudicium
786 1151 915 1190 illud
940 1163 1120 1197 meum,
1141 1154 1210 1190 sed
1229 1154 1382 1191 obliuio
1402 1155 1621 1191 uideretur.

150 1209 172 1255 ἕ
190 1208 216 1244 4
243 1209 312 1245 hoc
334 1212 427 1244 tunc
446 1218 516 1254 ego
532 1220 544 1244 :
575 1207 644 1243 sed
662 1218 741 1243 non
759 1207 939 1243 omnibus
961 1206 1097 1243 eadem
1109 1208 1289 1254 placent,
1312 1218 1358 1243 ne
1379 1208 1623 1245 conueniunt

151 1261 327 1309 quidem.
353 1266 565 1308 praeterea
588 1258 778 1308 faciendi
810 1259 973 1307 aliquid
1007 1271 1085 1296 non
1114 1260 1357 1308 faciendiue
1391 1261 1499 1297 ratio
1536 1272 1624 1297 cum

152 1314 355 1359 hominum
390 1314 569 1361 ipsorum
607 1317 691 1349 tum
725 1324 857 1349 rerum
889 1313 1014 1349 etiam
1048 1324 1097 1349 ac
1138 1318 1353 1361 temporum
1389 1313 1622 1351 condicione

150 1372 342 1404 mutatur.
398 1368 418 1413 ἕ
448 1366 470 1402 5
502 1377 595 1402 nam
624 1367 801 1402 recentia
833 1377 956 1413 opera
990 1367 1156 1403 maximi
1188 1367 1394 1414 principis
1426 1367 1623 1415 praebent

142 1420 389 1469 facultatem
426 1430 530 1456 noua
560 1430 707 1466 mayna
738 1430 836 1455 uera
867 1418 1064 1456 censendi.
1122 1420 1265 1466 quibus
1303 1431 1352 1456 ex
1389 1420 1535 1466 causis,
1576 1425 1623 1456 ut

149 1484 271 1520 supra
295 1473 456 1520 scripsi,
477 1471 616 1509 dubito
636 1483 688 1508 an
713 1472 815 1508 idem
836 1483 938 1508 nunc
960 1471 1035 1508 tibi
1057 1472 1162 1520 quod
1182 1477 1275 1509 tunc
1298 1472 1398 1509 mihi
1416 1473 1619 1510 suadeam.

149 1526 258 1562 illud
276 1537 356 1562 non
375 1525 528 1570 dubito,
550 1525 731 1562 debuisse
764 1536 820 1562 me
848 1525 893 1561 in
916 1529 1036 1572 parte
1065 1525 1228 1562 consilii
1247 1526 1308 1562 tui
1332 1537 1496 1574 ponere,
1524 1526 1624 1575 quid

147 1579 235 1629 ipse
249 1579 451 1627 fecissem.

229 1654 250 1700 ἓ
269 1650 339 1691 11.
361 1652 411 1689 12
430 1663 624 1689 mmxrr
643 1662 745 1689 mm
764 1662 815 1688 vr
844 1662 877 1688 11
900 1651 948 1689 18
968 1652 989 1698 ς
1012 1651 1047 1689 1.
1078 1662 1124 1688 1v
1143 1651 1166 1690 9
1185 1653 1206 1700 ξ
1227 1651 1265 1708 4.
1294 1662 1321 1689 x
1339 1651 1390 1690 46
1410 1652 1511 1700 (55).

227 1723 257 1762 1.
280 1724 328 1762 13
358 1735 548 1762 musena
576 1735 746 1761 GRATIAS
767 1735 941 1761 AGEREM
963 1724 1012 1761 13
1030 1725 1051 1771 ἓ
1073 1724 1094 1760 1
1117 1735 1162 1762 n.
1191 1735 1290 1772 pan.
1312 1724 1337 1761 4
1355 1735 1418 1772 pr.
1440 1723 1548 1762 cited
1567 1736 1621 1763 on

146 1780 170 1827 ξ
197 1778 236 1816 3.
282 1777 310 1817 1.
344 1778 395 1814 14
422 1789 474 1815 AD
506 1788 724 1814 RA‘r1oxmt
755 1789 808 1814 ΕΤ
841 1788 935 1814 Lom
968 1788 1021 1814 ET
1051 1788 1260 1814 rfflffoms
1293 1789 1339 1814 as
1372 1789 1430 1815 we
1464 1789 1540 1827 say
1568 1779 1622 1816 ad

146 1832 321 1876 modam,
340 1832 396 1868 ad
422 1832 746 1878 similitudinem,
771 1831 826 1868 ad
851 1832 1084 1878 exemplam,
1111 1831 1166 1867 ad
1192 1832 1375 1879 speciem.
1431 1830 1618 1870 Hmmsr.

147 1895 193 1922 Π
221 1885 271 1924 27
300 1885 363 1931 §5
388 1883 447 1921 ad
476 1885 579 1922 hunc
605 1890 778 1931 ‚qa-stum.
834 1894 859 1919 v
878 1884 901 1921 6
921 1885 941 1930 ἓ
963 1884 1011 1920 13
1025 1884 1202 1932 formam
1228 1882 1287 1920 ad
1315 1885 1506 1921 eximiam
1527 1886 1620 1934 pul-

146 1938 421 1976 chritudinem
447 1938 612 1986 pictam.
674 1936 832 1975 KRAc'r.
894 1936 977 1975 Cic.
1002 1936 1119 1973 Brut.
1142 1938 1161 1984 ἓ
1180 1938 1231 1975 49
1251 1942 1290 1974 et
1312 1937 1509 1975 Graeciae
1529 1939 1620 1987 qui-

147 1991 237 2029 dem
254 1995 457 2029 oratorum
470 1995 616 2038 partus
636 1995 757 2038 atque
770 1991 906 2039 fontes
926 1990 1053 2035 uideS,
1078 1988 1138 2027 ad
1162 1995 1384 2027 nostrorum
1408 1992 1620 2028 annalium

146 2043 400 2081 rationem
422 2049 588 2090 ueteres,
622 2042 682 2080 ad
709 2045 883 2092 ipsoram
905 2055 1001 2080 sane
1025 2048 1210 2080 recentes.
1239 2047 1248 2063 ‘
1266 2041 1321 2091 by
1339 2042 1412 2080 the
1440 2043 1618 2091 require-

146 2099 287 2134 ments
305 2095 351 2134 of
373 2095 446 2134 the
471 2095 588 2144 place
611 2095 695 2133 and
714 2095 787 2134 the
813 2096 945 2140 time‚‘
971 2095 1042 2132 ‘in
1070 2094 1311 2144 proportion
1337 2095 1409 2140 t0‚’
1443 2098 1512 2134 ‘as
1538 2095 1618 2134 dic-

146 2148 263 2187 tated
287 2147 366 2198 by'
392 2148 464 2187 the
492 2148 698 2194 occasion,
729 2149 800 2188 i.e.
835 2148 993 2197 briefly.
1046 2148 1131 2186 Cic.
1174 2148 1288 2186 Lael.
1319 2150 1340 2196 ξ
1375 2150 1424 2186 18
1461 2160 1524 2197 pr.
1557 2149 1619 2188 ad

146 2213 387 2240 communem
427 2203 655 2240 utilitatem
691 2214 853 2251 parum.
920 2201 975 2239 ib.
1014 2201 1087 2238 fin.
1127 2200 1185 2239 ad
1228 2203 1397 2239 istorum
1441 2214 1619 2240 normam

145 2256 362 2303 sapientes.
416 2254 545 2292 Hand
565 2266 581 2292 1
602 2256 691 2293 108.
750 2266 804 2292 Ex
824 2266 940 2292 xonss
960 2266 987 2292 v
1006 2255 1030 2292 6
1050 2256 1070 2302 ἓ
1091 2255 1154 2292 15.
1202 2253 1331 2292 Hand
1353 2266 1388 2292 11
1414 2254 1503 2295 652.
1564 2255 1617 2294 cf.

144 2318 241 2357 pan.
269 2308 292 2345 5
311 2309 332 2355 ἓ
351 2308 375 2345 3
394 2309 442 2346 de
461 2319 579 2346 more.
605 2319 669 2357 ep.
689 2309 712 2347 7
732 2308 843 2357 541.
870 2309 919 2346 18
939 2320 979 2347 n.
1015 2309 1269 2357 exfortuna.

224 2389 252 2427 1.
274 2389 324 2427 15
348 2399 456 2426 Boxo
488 2400 574 2427 cin
604 2400 1048 2428 coxmsnexnssmm
1066 2401 1094 2426 x
1112 2388 1174 2425 3A
1194 2388 1278 2436 (20)
1299 2390 1319 2435 ξ
1339 2388 1363 2425 2
1382 2388 1616 2427 conueni-

143 2441 466 2481 entissimum
493 2454 574 2480 esse
596 2444 896 2492 tranquillitati
916 2443 1070 2480 saeculi
1091 2443 1154 2478 tui
1177 2442 1344 2490 putaui.
1399 2441 1456 2479 ib.
1476 2442 1510 2479 B
1531 2443 1616 2491 (21)

145 2495 303 2543 Trajan
321 2495 470 2543 replies
499 2501 537 2533 et
569 2495 698 2533 ciuis
730 2501 769 2533 et
799 2497 996 2533 senatoris
1031 2496 1121 2532 boni
1145 2495 1336 2542 partibus
1357 2495 1529 2543 ‚functus
1558 2507 1611 2535 es.

143 2548 198 2588 ib.
228 2549 279 2586 41
311 2549 395 2596 (50)
428 2549 449 2595 5
481 2548 518 2585 1.
572 2559 670 2597 pan.
706 2549 756 2588 87
790 2550 811 2596 ξ
845 2549 882 2585 1.
939 2559 1084 2584 EADEM
1103 2558 1198 2584 ILLA
1225 2546 1297 2584 the
1325 2546 1548 2585 substance
1575 2548 1620 2586 of

142 2599 189 2641 it.
249 2611 480 2639 SPA'rxosIvs
517 2611 552 2638 11
585 2600 634 2638 11
667 2602 688 2648 ἕ
718 2601 768 2638 14
798 2601 1006 2638 duodecim
1037 2600 1272 2650 clepsydris,
1307 2612 1405 2650 quas
1434 2601 1613 2649 spatio-

142 2653 372 2693 sissimas
399 2665 642 2702 acceperam,
676 2659 770 2691 sunt
800 2654 970 2692 additae
999 2658 1205 2702 quattuor.
1261 2653 1311 2692 17
1347 2654 1367 2700 ἕ
1403 2654 1452 2690 11
1482 2654 1616 2692 balnei

140 2708 246 2746 cella
282 2707 516 2757 sriyidaria
561 2706 791 2754 spatiosa
833 2712 872 2745 ct
916 2707 1056 2755 effusa.
1133 2717 1177 2743 1v
1212 2705 1265 2744 20
1301 2707 1320 2754 ἓ
1362 2706 1386 2743 2
1419 2711 1478 2744 est
1516 2718 1614 2757 opas
