1775 3010
127 264 250 313 3—5]
469 261 723 301 GRATIAM
756 259 999 299 REFERO.
1054 257 1255 298 TENEO.
1522 255 1599 295 261

127 361 251 397 etiam
294 360 341 397 in
370 359 628 408 priuatorum
664 357 812 395 animis
850 355 1140 394 exoleuerat
1161 355 1344 405 priscum
1369 353 1602 392 mortalium

129 413 282 460 bonum,
306 413 508 450 amicitia.
561 410 650 450 Liv.
675 409 737 448 Pl.
757 409 858 449 h.n.
880 409 974 449 Tae.
999 408 1115 448 Suet.

206 480 235 520 1.
258 482 306 519 12
333 492 546 519 LAVDANDA
569 479 794 529 gerundive
820 481 936 518 nent.
965 491 1011 518 as
1038 478 1173 518 subst.
1204 479 1228 519 9
1254 480 1276 527 ς
1306 478 1329 517 5
1351 477 1596 516 damnanda.

128 545 145 572 1
165 536 189 573 8
208 537 229 583 ἓ
250 535 298 572 15
317 536 478 573 silenda
497 532 765 572 laudanda.
821 534 873 571 20
891 536 911 582 ξ
931 534 954 570 2
975 534 1157 572 dicenda.
1211 543 1256 570 VI
1275 532 1325 571 16
1345 533 1366 580 ξ
1386 532 1410 569 3
1428 532 1602 569 scriben-

130 588 422 636 da...le9enda.
478 587 639 625 KBAUT.

207 659 276 706 §4
301 657 328 698 l.
350 658 399 696 13
427 658 477 696 14
505 667 651 702 erssvs
679 667 861 695 GRATIAM
888 668 1069 695 REr’rvm
1095 668 1141 696 Π
1167 659 1192 698 ‘7
1219 658 1241 705 ξ
1269 656 1293 696 6
1323 657 1492 695 habesne
1526 666 1604 704 quo

132 711 226 750 tali
259 710 508 760 epistulae
535 721 702 760 parem
729 710 945 758 gratiam
973 710 1194 749 referas?
1249 721 1347 758 pan.
1387 709 1438 747 54
1468 707 1604 746 hano

133 763 460 813 simplicitati
488 767 604 802 tuae
631 763 946 811 ueritatique
972 763 1190 811 gratiam
1214 761 1445 801 relaturi.
1500 761 1528 801 1.
1554 761 1605 798 14

130 829 412 855 REmTTERfflt
442 828 486 855 Π
509 818 534 857 9
559 819 581 864 5
612 817 635 854 1
665 818 720 854 ad
748 823 931 854 senatum
962 816 1218 854 remissus.
1273 815 1339 853 Pl.
1367 815 1411 854 h.
1443 826 1486 852 n.
1521 812 1606 852 and

132 870 307 919 Quintil.
323 870 431 908 have
445 871 623 919 relegare
643 871 699 907 ad
717 875 910 917 auctores,
924 870 979 907 ad
999 870 1217 908 auditores.
1260 880 1387 907 Ipsm
1405 877 1604 906 vommmz

131 935 158 961 x
178 925 226 963 19
248 923 416 963 12-21,
459 923 511 961 cf.
532 934 615 961 ver.
637 924 766 960 1—11
785 935 855 960 uec
877 923 1035 960 doctum
1055 923 1155 960 satis
1179 927 1218 960 et
1235 934 1382 971 parum
1405 932 1600 967 seuerum,

135 976 230 1028 {sed
257 989 337 1014 non
362 977 604 1014 rusticulum
631 977 753 1013 nimis
783 977 964 1013 libellum
989 976 995 1026 Ι
1019 974 1251 1020 facundo,
1279 987 1380 1021 mea,
1415 972 1603 1018 Plinio,

137 1031 301 1078 Thalia,
331 1031 377 1076 li
408 1030 575 1078 perfer:
617 1029 749 1067 breuis
786 1034 844 1066 est
882 1030 995 1066 labor
1025 1033 1219 1077 peractae
1244 1026 1249 1079 Ι
1276 1029 1406 1065 altum
1441 1028 1604 1064 uincere

134 1084 337 1121 tramitem
361 1083 559 1121 Suburae.
587 1080 593 1131 Ι
619 1083 709 1120 illic
742 1081 901 1130 Orphea
922 1083 1112 1130 protinus
1140 1082 1300 1119 uidebis
1327 1080 1332 1131 Ι
1355 1081 1428 1117 udi
1452 1080 1606 1117 uertice

134 1136 334 1174 lubricum
370 1136 520 1173 theatri
545 1134 549 1185 Ι
574 1136 845 1183 mirantesque
873 1135 990 1183 feras
1029 1146 1222 1182 auemque
1264 1135 1385 1181 rems,
1417 1133 1607 1182 {raptum

135 1200 237 1238 quae
255 1189 425 1238 Phryqa
437 1189 615 1237 pertulit
636 1189 826 1226 Tonanti.
852 1186 857 1239 Ι
885 1189 973 1226 illic
987 1199 1124 1237 parua
1151 1188 1212 1225 tui
1241 1187 1378 1225 domus
1404 1183 1604 1235 Pedonis!

134 1243 298 1280 caelata
316 1246 376 1280 est
393 1242 560 1291 aquilae
578 1242 732 1279 minore
744 1242 890 1290 pinna.

214 1314 244 1353 1.
275 1315 323 1353 15
355 1325 557 1352 TENEBEM
590 1325 607 1351 1
630 1314 681 1351 22
709 1315 730 1361 ξ
756 1315 794 1351 2.
850 1324 894 1352 1v
924 1314 975 1354 27
1003 1315 1024 1361 ἓ
1055 1314 1079 1351 3
1107 1311 1197 1362 [the
1225 1311 1358 1351 whole
1385 1311 1509 1350 letter
1527 1310 1564 1349 is
1584 1322 1609 1349 a

135 1368 309 1418 parallel
321 1370 365 1405 to
381 1367 482 1406 this.
511 1370 531 1415 ἓ
549 1368 570 1405 1
591 1366 676 1405 itis
690 1367 763 1405 the
783 1365 899 1405 third
918 1366 998 1416 day
1017 1366 1131 1404 since
1150 1366 1172 1403 I
1190 1365 1320 1404 heard
1339 1369 1382 1403 to
1402 1377 1474 1414 my
1493 1367 1609 1413 great

136 1421 295 1470 delight
316 1420 485 1460 Sentius
503 1420 744 1468 Augurinus
775 1419 970 1468 reciting:
996 1421 1203 1468 poematia
1231 1420 1425 1468 appellat.
1479 1419 1610 1456 multa

138 1477 326 1522 tenuiter,
354 1476 485 1512 multa
507 1475 748 1518 sublimiter,
779 1474 907 1511 multa
934 1479 1113 1517 uenuste,
1144 1474 1273 1510 multa·
1306 1478 1450 1519 tenere,
1482 1472 1611 1509 multa

137 1529 325 1573 dulciter,
345 1528 475 1565 multa
498 1539 587 1565 cum
617 1528 724 1565 bile.-
755 1528 776 1574 ξ
805 1528 829 1564 2
861 1527 1020 1575 aliquot
1049 1528 1170 1564 annis
1187 1531 1289 1574 puto
1314 1526 1426 1563 nihil
1454 1525 1611 1573 generis

138 1582 315 1620 eiusdem
333 1581 557 1618 absolutius
579 1581 784 1629 scriptum,
814 1581 898 1617 nisi
917 1582 1027 1630 sorte
1057 1591 1116 1616 me
1136 1580 1259 1628 fallit
1288 1585 1361 1616 aut
1387 1590 1500 1615 amor
1524 1579 1611 1616 eius

138 1640 212 1672 aut
240 1635 348 1683 quod
374 1633 539 1681 ipsum
568 1645 642 1670 me
672 1632 911 1670 laudibus
938 1631 1089 1670 uexit.
1145 1634 1166 1679 ξ
1195 1633 1218 1669 3
1244 1644 1340 1669 uam
1365 1631 1507 1669 lemma
1533 1631 1612 1668 sibi

136 1688 318 1736 sumpsit,
352 1688 458 1735 quod
482 1698 551 1734 eqo
579 1687 782 1724 interdum
809 1687 992 1724 uersibus
1023 1686 1130 1723 ludo.
1188 1690 1310 1734 atque
1337 1685 1436 1722 adeo
1460 1684 1612 1721 iudicii

137 1741 215 1779 mei
241 1745 276 1777 te
306 1740 482 1777 iudicem
504 1740 676 1789 faciam,
707 1741 743 1777 si
775 1740 878 1777 mihi
910 1751 958 1777 ea·
991 1740 1060 1776 hoc
1086 1740 1174 1787 ipso
1206 1739 1386 1776 lemmate
1416 1737 1612 1775 secundus

137 1804 276 1831 uersus
307 1794 528 1831 occurrerit
558 1794 669 1840 (nam
701 1798 848 1830 ceteros
876 1791 1135 1842 teneo)—et
1162 1793 1247 1829 iam
1274 1791 1468 1839 explicui.
1533 1791 1554 1837 ξ
1586 1789 1613 1826 4

140 1851 259 1884 canto
305 1847 492 1883 carmina
534 1846 717 1883 uersibus
757 1847 941 1891 minutis,
966 1844 971 1896 Ι
999 1846 1062 1882 his
1109 1847 1207 1883 olim
1245 1845 1389 1894 quibus
1428 1849 1467 1881 et
1503 1854 1610 1880 meus

143 1899 330 1937 Catullus
354 1898 359 1949 Ι
385 1904 424 1937 et
448 1899 598 1936 Caluus
616 1905 864 1948 ueteresque.
918 1899 989 1936 sed
1013 1899 1113 1947 quid
1132 1899 1188 1936 acl
1213 1901 1301 1936 me.²
1326 1896 1331 1948 Ι
1357 1908 1487 1935 unus
1514 1895 1612 1934 Pli-

139 1950 256 1989 nius
296 1955 373 1990 est
415 1951 542 1989 mihi
582 1951 795 2000 priores:
824 1951 1050 2003 lmauult
1086 1950 1372 1989 uersiculos
1400 1949 1508 1987 foro
1545 1960 1614 1987 re·

139 2004 261 2043 licto
285 2002 290 2056 Ι
316 2010 354 2043 et
381 2005 543 2053 quaerit
571 2005 679 2054 quod
709 2010 813 2043 amet
836 2010 1040 2054 putatque
1077 2005 1225 2042 amari.
1253 2003 1259 2055 Ι
1282 2005 1352 2042 ille
1383 2015 1405 2041 ο
1434 2003 1611 2047 Plinius,

141 2058 213 2096 ille
246 2062 340 2107 quot
376 2058 575 2096 Catones!
598 2060 603 2108 Ι
629 2059 645 2095 i
676 2070 798 2103 nunc,
838 2059 1019 2107 quisquis
1050 2070 1175 2103 amas,
1211 2069 1346 2095 amare
1382 2056 1482 2094 noli.
1538 2057 1559 2103 ἓ
1589 2056 1613 2093 5

140 2111 255 2149 uides
275 2122 395 2159 quam
423 2113 571 2149 acuta
599 2112 746 2159 omnia,
772 2123 892 2160 quam
910 2117 1022 2160 apta,
1049 2123 1171 2159 quam
1195 2109 1411 2159 expressa}
1471 2119 1535 2145 vn
1563 2108 1614 2146 25

141 2166 163 2211 g
183 2163 208 2200 4
237 2169 431 2211 quantum
457 2164 528 2202 ille
559 2164 683 2212 leyit!
738 2169 935 2213 quantum
962 2164 1129 2202 tenet!
1184 2174 1265 2201 vm
1285 2163 1336 2200 14
1355 2164 1375 2209 ξ
1395 2163 1419 2199 3
1451 2162 1614 2210 difficile

143 2222 201 2254 est
233 2219 401 2254 tenere
434 2228 536 2265 quae
566 2219 780 2266 acceperis,
814 2218 897 2254 nisi
930 2228 1126 2255 exerceas.
1185 2219 1207 2264 ξ
1227 2218 1250 2255 7
1276 2215 1303 2254 f.
1337 2214 1616 2253 obliuiscenda

142 2270 271 2317 magiis
288 2280 410 2317 quam
428 2269 665 2307 tenenda.
721 2270 773 2307 24
794 2271 815 2318 ξ
838 2270 873 2309 1.
934 2269 1075 2308 Plaut.
1097 2268 1182 2307 Cic.
1203 2269 1325 2316 Verg.
1347 2268 1449 2306 Hor.
1487 2267 1613 2305 Mart.

143 2333 205 2359 vn
225 2322 275 2359 51
296 2323 334 2361 7.
389 2321 479 2361 IuV.
500 2334 544 2360 VI
558 2323 636 2361 454
654 2324 888 2372 iynotosque
908 2323 1009 2361 mihi
1033 2324 1174 2360 tenet
1197 2322 1440 2370 antiquaria
1458 2331 1609 2358 uersus.

143 2374 249 2423 Aug.
270 2373 380 2412 conf.
406 2385 424 2412 1
451 2375 543 2422 §20
571 2377 743 2413 tenere
773 2377 940 2423 coqebar
965 2378 1123 2414 Aeneae
1151 2376 1282 2413 nescio
1309 2375 1424 2412 cuius
1450 2384 1614 2416 errores,

143 2427 288 2466 oblitus
325 2439 504 2465 errorum
539 2440 725 2466 meorum.
780 2428 898 2467 Hier.
936 2440 1000 2476 ep.
1040 2428 1116 2466 108
1152 2429 1173 2475 ἓ
1204 2427 1255 2465 26
1291 2438 1354 2475 pr.
1391 2427 1617 2475 scripturas

143 2486 307 2518 sanctas
353 2479 562 2518 tenebat
607 2482 844 2521 memoriter.
916 2492 1100 2519 CETEROS
1145 2491 1192 2518 IN
1237 2490 1364 2517 LIBRO
1411 2489 1617 2522 REQVIRES

146 2531 322 2581 Quintil.
343 2543 361 2570 1
380 2534 403 2572 7
424 2534 445 2580 ξ
465 2534 515 2573 19
544 2535 648 2583 quod
675 2535 808 2583 siquis
829 2546 981 2584 parum
1007 2534 1161 2579 credat,
1191 2533 1301 2582 apud
1325 2534 1457 2582 ipsum
1476 2532 1617 2581 [Luci-

147 2586 262 2635 lium]
290 2584 342 2623 in
369 2597 502 2623 nono
530 2586 771 2635 requirat.

226 2659 249 2706 ξ
267 2662 292 2696 5
317 2656 346 2694 l.
368 2657 419 2697 17
449 2668 728 2696 REVEREN'I'ER
759 2669 822 2696 vu
847 2658 898 2696 31
929 2657 994 2707 §5
1021 2659 1130 2697 idem
1159 2670 1279 2707 quam
1310 2657 1616 2702 reum-enter,

149 2723 271 2762 quam
291 2710 476 2761 fideliter
507 2711 653 2750 amicos
685 2712 805 2760 colat,
842 2713 1057 2751 multorum
1084 2712 1279 2762 supremis
1312 2711 1618 2750 iudiciis...cre-
