1823 3000
724 234 815 277 XX
874 237 1015 278 6-12
1553 235 1607 275 35

135 337 325 398 saepius
349 336 484 398 digni
507 353 652 398 quam
682 336 883 398 gratiosi
904 334 1260 398 praeualebant.
1334 348 1458 394 quae
1480 347 1610 377 nunc
1633 347 1652 377 7

135 419 374 465 inmodico
420 419 584 464 fauore
630 422 855 478 corrupta
897 416 959 462 ad
1003 415 1153 462 tacita
1201 412 1427 474 suffragia
1473 411 1612 472 quasi

135 498 196 543 ad
240 498 505 543 remedium
553 496 930 542 decucurrerunt
951 513 965 554 3
1024 494 1154 556 quod
1209 491 1409 538 interim
1465 491 1611 552 plane

134 578 398 623 remedium
437 576 562 624 fuit:
611 581 714 622 erat
751 577 879 621 enim
920 591 1100 621 nouum
1142 578 1192 620 et
1228 573 1456 619 subitum.
1528 571 1615 616 sed·
1634 582 1652 612 8

81 663 110 707 5
135 672 304 702 uereor
336 672 396 702 ne
431 656 716 718 procedente
753 663 967 717 tempore
1005 672 1066 702 ex
1099 655 1201 716 ipso
1241 652 1452 699 remedio
1488 652 1612 697 uitia

135 742 406 785 nascantur.
479 742 552 783 est
593 737 722 782 enim
762 737 1030 798 periculum
1067 751 1128 782 ne
1168 734 1331 780 tacitis
1369 731 1612 792 suffragiis

134 817 420 878 inpudentia
461 817 661 878 inrepat.
735 833 848 862 nam
883 821 1031 878 quoto
1066 815 1237 876 cuique
1273 813 1440 859 eadem
1470 812 1612 857 hone-

136 898 275 944 statis
310 915 425 944 cura
459 904 641 944 secreto
675 914 797 960 quae
836 898 1032 960 palam‘.l
1098 895 1244 942 multi
1277 895 1469 949 famam,
1507 908 1612 938 con-

136 978 385 1023 scientiam
409 980 549 1039 pauci
574 983 815 1024 uerentur.
889 977 970 1023 sed
1005 976 1152 1022 nimis
1187 976 1282 1021 cito
1310 974 1369 1019 de
1401 971 1610 1018 futuris:
1633 983 1653 1012 9

51 1067 110 1113 10
134 1057 330 1104 interim
376 1059 607 1105 beneficio
643 1058 932 1104 tabellarum
973 1057 1258 1104 habebimus
1298 1057 1612 1118 magistratus

135 1140 218 1200 qui
245 1139 452 1185 maxime
477 1140 582 1185 fieri
607 1139 888 1185 debuerunt.
962 1155 1076 1184 nam
1105 1143 1162 1183 ut
1186 1137 1238 1182 in
1261 1135 1612 1198 reciperatoriis

134 1218 326 1265 iudiciis
350 1220 414 1265 sic
438 1236 525 1266 nos
549 1220 601 1265 in
619 1220 693 1266 his
718 1219 925 1265 comitiis
949 1219 1086 1280 quasi
1105 1222 1303 1278 repente
1327 1214 1612 1277 adprehensi

135 1300 309 1344 sinceri
343 1300 524 1345 iudices
556 1300 751 1346 fuimus.
822 1299 937 1345 haec
969 1298 1061 1344 tibi
1093 1297 1276 1358 scripsi,
1303 1296 1528 1358 primum,
1555 1300 1612 1340 ut
1640 1314 1677 1333 ιο

135 1379 320 1440 aliquid
344 1379 460 1425 noui
484 1379 755 1437 scriberem,
778 1378 963 1435 deinde,
990 1383 1046 1423 ut
1070 1393 1167 1423 non
1191 1391 1455 1437 numquam
1480 1375 1538 1420 de
1561 1390 1612 1420 re

51 1470 110 1517 15
135 1459 329 1520 publica
362 1459 595 1520 loquerer,
633 1459 769 1505 cuius
804 1457 1034 1503 materiae
1068 1458 1209 1503 nobis
1244 1461 1425 1518 quanto
1460 1455 1613 1500 rarior

137 1555 280 1600 quam
303 1540 550 1585 ueteribus
575 1539 756 1585 occasio
780 1544 919 1584 tanto
943 1539 1106 1583 minus
1133 1537 1402 1583 omittenda
1426 1541 1511 1583 est.
1563 1541 1611 1580 et
1638 1555 1673 1576 ιι

135 1618 328 1664 hercule
375 1635 623 1680 quousque
669 1619 755 1664 illa
801 1619 1022 1679 uulgaria
1062 1617 1206 1682 ‘quid
1253 1616 1385 1677 agis?
1443 1613 1613 1675 ecquid

136 1698 380 1745 commode
426 1699 606 1744 ualesCl'
688 1698 900 1744 habeant
945 1702 1137 1743 nostrae
1185 1711 1374 1758 quoque
1420 1695 1612 1740 litterae

135 1779 319 1841 aliquid
353 1796 452 1826 non
486 1779 668 1825 humile
703 1795 790 1825 nec
825 1779 1071 1825 sordidum
1111 1794 1199 1824 nec
1234 1776 1442 1839 priuatis
1471 1775 1614 1821 rebus

51 1867 113 1913 20
136 1861 387 1908 inclusum.
460 1867 574 1907 sunt
598 1861 792 1922 quidem
817 1864 990 1906 cuncta
1014 1859 1104 1905 sub
1129 1859 1274 1904 unius
1297 1855 1510 1912 arbitrio,
1531 1853 1614 1916 qui
1640 1876 1677 1897 η

135 1956 221 2001 pro
246 1941 461 1987 utilitate
486 1941 727 1987 communi
752 1940 880 1986 solus
912 1939 1129 1985 omnium
1161 1953 1299 1983 curas
1333 1935 1614 1994 laboresque

136 2023 374 2083 suscepit;
409 2022 607 2083 quidam
636 2026 800 2067 tamen
824 2020 1007 2066 salubri
1037 2022 1419 2080 temperamento
1443 2015 1503 2060 ad
1526 2029 1614 2059 nos

138 2117 327 2163 quoque
349 2101 488 2147 uelut
510 2101 608 2146 riui
631 2117 692 2146 ex
709 2100 793 2145 illo
816 2098 1162 2159 benignissimo
1180 2096 1315 2142 fonte
1334 2095 1611 2151 decurrunt,

138 2197 256 2243 quos
280 2186 329 2227 et
361 2181 557 2227 haurire
580 2180 674 2242 ipsi
698 2185 747 2226 et
782 2179 1064 2225 absentibus
1099 2176 1265 2222 amicis
1289 2173 1427 2236 quasi
1450 2171 1614 2217 minis-

53 2270 114 2316 25
139 2267 267 2308 trare
291 2262 510 2324 epistulis
533 2276 801 2324 possumus.
871 2259 993 2305 uale.

220 2383 245 2420 3
272 2380 540 2421 decurrerunt
558 2387 656 2429 ps‘a.
709 2379 933 2419 decurrunt
951 2390 976 2418 1·
1136 2379 1160 2417 7
1189 2377 1378 2425 increpat
1406 2378 1483 2414 MD
1565 2373 1615 2412 11

137 2449 442 2499 reciperatoriis
467 2453 498 2488 P
523 2449 714 2489 Riccard.
742 2459 772 2496 p
826 2445 1116 2496 reciperatoris
1134 2448 1246 2484 MVD
1299 2441 1618 2492 recuperator-iis

139 2524 232 2559 rs‘a
376 2518 427 2555 12
453 2517 603 2556 iudicis
620 2521 655 2557 D
707 2515 873 2556 comitis
891 2519 925 2554 D
980 2511 1178 2563 adprensi
1196 2515 1231 2551 D
1391 2510 1442 2548 13
1471 2508 1618 2548 scribsi

139 2589 175 2626 D
324 2583 374 2622 16
402 2583 587 2623 occassio
605 2586 642 2623 V
801 2583 852 2623 17
880 2579 1027 2630 ecquid
1046 2576 1264 2618 commodo
1287 2582 1324 2617 5·
1456 2579 1498 2616 et
1517 2575 1618 2626 quid

141 2651 359 2692 commode
387 2655 522 2691 MVDr
588 2651 667 2691 eho
687 2649 788 2700 quid
807 2648 1022 2690 commode
1040 2651 1071 2687 F
1137 2646 1216 2686 eho
1235 2643 1382 2695 ecquid
1400 2644 1617 2684 commode

141 2731 200 2768 pa

1358 2796 1483 2841 3-2
