1823 3000
143 245 186 293 3]
312 243 475 282 HOME
505 241 846 282 EDUGATION.
906 241 1111 282 ERROR.
1169 243 1440 286 PROFERO.
1572 248 1623 288 59

218 335 248 375 1.
271 337 320 376 19
357 347 676 374 PRAECEPTORES
694 347 802 373 nom
855 335 947 376 Iuv.
969 348 1031 374 v11
1053 336 1262 375 215—243
1277 350 1320 375 n.
1340 349 1413 376 XIV
1438 339 1489 377 10
1516 340 1622 378 1111.

141 389 316 438 Quintil.
352 401 368 427 1
407 391 430 426 2
471 389 671 440 (whether
706 389 870 438 private
907 401 954 427 or
989 389 1130 438 public
1167 390 1389 429 education
1425 391 1462 430 is
1499 392 1622 445 best).

139 443 295 481 Paulus
313 442 458 491 Aegin.
484 454 500 480 1
522 444 571 480 14
594 442 645 493 (p.
670 442 719 480 16
739 441 933 493 Adams):
966 443 1120 481 “After
1140 443 1204 481 six
1223 456 1269 481 or
1289 457 1412 482 seven
1437 457 1555 494 years
1582 446 1628 484 of

140 507 214 544 age
248 495 354 534 both
390 495 492 545 boys
521 495 605 533 and
632 495 732 544 girls
761 507 830 533 are
857 498 900 534 to
930 495 980 534 be
1008 495 1235 544 consigned
1263 509 1360 536 over
1388 501 1432 536 to
1462 498 1622 537 school-

139 552 317 587 masters
343 548 388 587 of
413 561 437 587 a
463 548 568 586 mild
593 548 676 586 and
695 548 939 588 benevolent
958 548 1207 598 disposition
1220 566 1230 598 ;
1261 563 1306 588 as
1327 552 1430 589 such
1449 564 1624 600 persons

138 602 224 639 will
254 602 411 650 impart
442 601 698 640 instruction
731 606 775 640 to
807 602 924 640 them
961 601 1006 640 in
1044 615 1068 641 a
1105 602 1287 642 cheerful
1318 616 1508 649 manner,
1540 605 1625 644 and

138 655 315 694 without
352 654 610 701 constraint;
654 655 718 692 for
752 655 985 693 relaxation
1022 656 1068 694 of
1102 656 1174 695 the
1209 656 1330 695 mind
1365 658 1622 697 contributes

137 708 266 746 much
294 711 338 747 to
366 708 438 747 the
465 708 626 757 growth
655 708 700 746 of
734 708 806 747 the
833 708 953 758 body.
1013 709 1126 758 Boys
1153 710 1298 749 twelve
1323 723 1445 760 years
1473 711 1518 749 of
1548 723 1623 760 age

139 761 291 800 should
309 774 360 810 go
380 763 423 799 to
442 761 628 800 teachers
648 761 693 800 of
718 774 931 810 grammar
956 761 1039 800 and
1064 766 1288 813 geometry,
1311 764 1396 802 and
1421 767 1488 813 get
1513 764 1624 803 their

136 814 279 853 bodies
314 814 527 853 hardened
562 814 617 864 by
646 814 880 864 gymnastio
917 815 1132 854 exercises.
1187 816 1315 855 From
1353 817 1542 856 fourteen
1579 820 1622 857 to

137 870 402 917 twenty-one,
445 867 554 907 their
591 880 739 917 proper
776 868 1061 917 employment
1098 869 1183 908 will
1219 869 1269 909 be
1307 870 1378 909 the
1417 871 1543 921 study
1580 872 1626 910 of

136 921 434 960 mathematice
460 921 545 960 and
569 921 785 960 initiation
809 921 855 960 in
880 921 1146 972 philosophy.
1202 923 1257 962 At
1283 923 1355 962 the
1381 936 1495 962 same
1520 925 1623 964 time

135 974 324 1013 however
343 975 376 1014 it
394 975 475 1012 will
494 974 543 1013 be
562 987 712 1024 proper
731 978 774 1013 to
793 987 867 1013 use
886 987 1001 1014 more
1021 976 1201 1015 exercise
1220 977 1284 1014 for
1303 978 1624 1028 strengthening

137 1028 209 1067 the
228 1027 350 1078 body,
376 1040 421 1066 so
441 1028 548 1073 that,
569 1028 801 1077 exercising
820 1028 925 1066 both
943 1028 1053 1078 body
1072 1029 1156 1068 and
1179 1030 1311 1079 mind,
1336 1031 1436 1080 they
1454 1043 1553 1081 may
1573 1032 1622 1071 be

136 1081 359 1130 prevented
395 1082 504 1119 from
540 1081 760 1130 indulging
797 1080 906 1120 their
942 1082 1084 1121 carnal
1121 1082 1288 1122 desires.
1345 1084 1461 1134 They
1492 1085 1622 1133 ought

135 1134 316 1173 likewise
344 1138 387 1173 to
415 1135 466 1173 be
494 1135 713 1173 restricted
742 1148 787 1173 as
815 1138 859 1174 to
888 1135 1039 1175 wine.'’
1097 1136 1159 1175 Cf.
1181 1137 1272 1175 Iuv.
1294 1137 1373 1177 vol.
1399 1150 1433 1175 11
1462 1150 1501 1187 p.
1526 1139 1619 1177 288.

137 1187 312 1236 Quintil.
334 1200 350 1226 1
371 1189 393 1225 2
414 1190 434 1236 ξ
454 1189 478 1226 4
504 1191 708 1238 corrumpi
737 1201 862 1227 mores
892 1191 937 1227 in
964 1190 1113 1228 scholis
1136 1196 1313 1240 putant:
1344 1204 1440 1230 nam
1469 1198 1508 1230 et
1536 1205 1620 1230 cor-

134 1248 378 1291 rumpuntur
405 1244 582 1289 interim,
617 1243 687 1280 sed
716 1241 852 1280 domi
880 1254 1050 1293 quoque,
1080 1249 1119 1281 et
1151 1249 1246 1282 sunt
1278 1247 1408 1283 multa
1442 1247 1528 1283 eius
1558 1247 1621 1284 rei

135 1297 331 1345 eaeempIa,
360 1301 443 1333 tam
478 1296 637 1333 hercule
671 1308 791 1344 quam
823 1302 1087 1335 conseruatae
1119 1299 1373 1336 sanctissime
1405 1301 1620 1349 utrobique

137 1350 356 1398 opinionis,
417 1355 572 1386 natura
598 1351 789 1398 cuiusque
817 1355 944 1387 totum
969 1362 1146 1399 curaque
1173 1352 1314 1389 distat.
1373 1353 1427 1390 da
1453 1359 1622 1391 mentem

135 1402 546 1451 adpeiorafacz‘lem,
566 1404 619 1439 (Ia
636 1402 1022 1451 neglegentiam
1043 1403 1306 1443 formandi
1328 1405 1618 1444 custodien-

136 1454 288 1503 dique
317 1454 371 1493 in
397 1458 572 1493 aetate
602 1455 768 1504 prima
798 1455 1028 1505 pudoris,
1060 1469 1163 1495 non
1193 1457 1444 1497 minorem
1473 1459 1618 1508 flagi-

136 1507 226 1547 tiis
273 1508 589 1547 occasionem
637 1511 833 1547 secreta
878 1509 1223 1558 praebuerint.
1278 1524 1375 1550 nam
1412 1518 1452 1550 et
1484 1519 1620 1562 potest

136 1563 267 1611 turpis
296 1561 611 1600 domesticus
640 1575 721 1600 esse
753 1567 1073 1612 praeceptor,
1105 1576 1177 1603 nec
1205 1567 1332 1603 tutior
1357 1568 1465 1604 inter
1485 1579 1620 1605 seruos

134 1617 259 1653 malos
281 1628 403 1664 quam
425 1617 619 1663 inqenuos
640 1628 792 1664 parum
810 1617 1000 1655 modestos
1021 1620 1277 1656 conuersatio
1299 1625 1370 1657 est.
1428 1621 1448 1667 ἓ
1469 1621 1492 1658 5
1520 1626 1563 1658 at
1582 1622 1618 1659 si

136 1668 240 1706 bona
268 1670 399 1718 ipsius
426 1670 598 1716 indoles,
629 1671 666 1707 si
686 1681 768 1707 non
793 1681 917 1708 caeca
943 1682 991 1708 ac
1018 1672 1153 1719 sopita
1176 1674 1414 1721 parentium
1433 1674 1620 1712 socordia

134 1727 203 1770 est,
229 1726 268 1760 et
296 1725 685 1771 praeceptorem
719 1721 906 1771 eligere
935 1723 1322 1763 sanctissimum
1357 1738 1614 1774 quemque,

134 1774 278 1813 cuius
314 1775 391 1813 rei
427 1775 706 1824 praecipua
743 1775 1090 1825 prudentibus
1129 1789 1250 1817 cura
1288 1782 1376 1827 est,
1421 1785 1458 1817 et
1496 1781 1619 1819 disci-

128 1829 303 1877 plinam,
341 1841 445 1878 quae
491 1831 665 1867 maxime
705 1842 848 1867 seuera
878 1831 1028 1879 fuerit,
1077 1832 1184 1880 licet,
1235 1838 1275 1870 et
1310 1833 1446 1871 nihilo
1484 1835 1618 1872 minus

134 1883 308 1920 amicum
341 1895 509 1930 ¹qraucm
546 1885 683 1920 uirum
720 1888 795 1920 aut
830 1883 998 1932 fidelem
1036 1885 1226 1923 libertum
1264 1887 1386 1924 lateri
1424 1887 1516 1936 filii
1553 1889 1619 1925 sui

136 1935 367 1984 adiungere,
389 1938 504 1974 cuius
534 1937 724 1974 adsidens
755 1939 970 1976 comitatus
1002 1939 1125 1976 etiam
1153 1940 1247 1977 illos
1267 1941 1451 1978 meliores
1462 1941 1616 1991 faciat,

135 1989 206 2036 qui
228 1989 484 2029 timebantur.

212 2072 444 2100 ERRovas
474 2062 524 2102 cf.
551 2064 662 2113 faux
684 2076 774 2113 paS.
834 2063 950 2103 Suet.
974 2064 1071 2103 Ner.
1093 2065 1144 2104 26
1172 2077 1235 2115 pr.
1259 2069 1539 2116 petulantiam
1570 2070 1618 2107 li-

138 2114 312 2153 bidinem
332 2117 538 2154 luaeuriam-
563 2117 792 2155 auaritiam
817 2118 1104 2157 crudelitatem
1128 2122 1276 2158 sensim
1302 2122 1465 2171 quidem
1486 2124 1620 2172 primo

135 2172 174 2205 et
193 2170 343 2206 occulte
363 2175 400 2206 et
418 2171 533 2208 uelut
552 2169 775 2208 iuuenili
795 2182 965 2209 errore
985 2174 1181 2218 exercuit,
1196 2175 1266 2212 sed
1283 2181 1330 2212 ut
1351 2181 1446 2214 tunc
1463 2188 1619 2226 quoque

135 2220 300 2258 dubium
317 2223 594 2272 neminisoret
613 2229 788 2262 naturae
809 2225 889 2262 illa
908 2224 1040 2264 uitia
1058 2238 1139 2265 non
1158 2227 1348 2266 aetatis
1370 2240 1465 2269 esse.

212 2293 241 2334 l.
263 2295 315 2333 20
351 2307 538 2335 MATERIA
575 2298 598 2335 2
618 2300 638 2346 g
662 2298 683 2335 1
698 2309 740 2337 n.

212 2367 242 2406 1.
271 2369 320 2406 21
375 2382 654 2410 PROFERENDA
708 2384 770 2410 vn
801 2373 852 2412 25
880 2373 945 2423 §1
975 2375 1048 2424 qui
1076 2375 1218 2413 studia
1245 2387 1323 2413 sua
1350 2376 1620 2424 proferunt

135 2420 350 2473 (publish).
410 2435 489 2462 vr11
515 2426 565 2462 21
593 2428 613 2474 ξ
640 2427 675 2465 2.
702 2438 746 2463 rx
773 2426 824 2464 14
845 2439 1062 2476 peryamus
1092 2429 1206 2466 modo
1235 2430 1383 2467 itinere
1410 2431 1615 2480 instituto,

134 2475 242 2522 quod
259 2480 306 2513 ut
325 2488 478 2524 paucos
498 2479 544 2516 in
565 2480 691 2517 lucem
712 2480 951 2530 famamque
974 2483 1183 2530 prouexit,
1204 2483 1269 2519 ita
1293 2484 1438 2520 multos
1465 2496 1484 2520 e
1512 2489 1618 2522 tene-

136 2528 217 2566 bris
247 2533 286 2565 et
312 2530 476 2568 silentio
509 2532 744 2580 protulit.
799 2532 980 2571 Phaedr.
1000 2545 1027 2571 v
1046 2533 1069 2571 5
1091 2535 1114 2573 9
1136 2535 1187 2572 10
1214 2547 1338 2582 ρεηιιε
1363 2539 1587 2585 spectaculi
1611 2536 1616 2589 Ι

133 2581 242 2628 quod
259 2581 305 2618 in
326 2582 481 2621 theatro
507 2596 728 2634 numquam
752 2586 1014 2634 prolatum
1031 2587 1159 2636 soret.
1215 2588 1372 2628 Auson.
1398 2588 1530 2629 Paulo
1558 2591 1619 2640 (in

133 2632 232 2682 idyl.
259 2633 298 2683 6)
319 2637 522 2684 poematia
542 2638 597 2675 ad
617 2639 756 2679 lucem.
817 2639 934 2678 Hier.
961 2651 1027 2688 ep.
1049 2640 1126 2677 124
1147 2640 1169 2677 1
1190 2642 1236 2679 in
1254 2643 1417 2690 uulyus.

214 2716 616 2748 cmcvusmcmnnvs
636 2722 806 2750 RHETOR
821 2723 855 2750 11
870 2712 934 2751 18.
949 2724 992 2751 1v
1005 2712 1054 2751 13
1067 2715 1087 2762 ξ
1102 2713 1151 2751 10
1159 2711 1220 2765 (to
1234 2713 1328 2755 Tac.
1339 2743 1348 2761 ‚
1365 2714 1516 2764 asking
1527 2715 1619 2755 him
