1775 3010
180 223 258 263 236
428 212 743 255 SEVERITAS
782 212 1008 251 AVRIVM-
1065 217 1344 257 THEATRA.
1400 218 1604 269 [xvms
1626 221 1650 259 o

185 311 246 350 10.
307 310 423 350 Curt.
459 323 540 350 v111
569 312 619 349 12
651 314 673 360 ξ
707 313 768 351 16.
827 311 918 350 Iuv.
952 324 1024 351 ΧΠ
1053 313 1118 351 24.
1176 323 1451 351 εΕνΕΒῙεεῙκΑ
1485 311 1536 352 81.
1575 315 1597 362 5
1624 314 1648 353 9

183 363 210 402 1.
233 363 284 401 24
315 364 591 402 seueritate
620 367 783 403 aurium
808 364 891 402 and
909 367 929 413 §
950 365 1046 403 101.
1067 365 1091 405 6
1122 364 1325 413 senei-st,
1349 367 1463 403 must
1481 365 1592 404 refer.
1606 368 1651 404 to

183 415 326 454 chaste
352 417 532 466 severity
562 417 606 455 of
632 418 736 466 style
768 420 860 462 (not
889 420 932 456 to
957 418 1251 467 plain-spoken
1275 429 1451 456 censure
1478 417 1525 456 of
1547 417 1649 463 vice,

183 480 230 507 as
259 469 400 518 Gierig
428 472 550 519 says).
613 471 668 509 So
696 470 889 509 Schiifer:
920 471 1127 519 ‘pressius
1152 473 1192 509 et
1218 470 1458 508 adstrictius
1478 471 1646 519 scripta,

183 522 378 561 austera!
436 522 500 560 On
534 522 605 560 the
635 525 905 571 extravagant
941 524 1031 561 love
1067 523 1113 561 of
1151 522 1386 571 metaphm,
1427 523 1652 561 antithesis

183 578 261 614 cet.
297 575 343 612 in
373 574 444 614 the
479 575 602 613 silvei·
638 587 712 624 age
749 587 818 614 see
850 575 940 614 Iuv.
974 588 1027 614 111
1057 577 1081 617 9
1110 589 1150 616 n.
1187 588 1225 625 p.
1271 577 1360 613 181.
1416 575 1589 624 Quintil.
1627 587 1653 614 Χ

183 628 204 664 1
227 629 247 675 ἕ
266 628 316 665 43
337 640 379 665 n.

261 707 289 747 1.
321 708 369 744 21
401 719 674 746 summouet:
709 709 758 747 13
788 711 808 757 ἓ
836 710 874 747 2.
904 721 965 747 vn
987 710 1034 749 17
1052 711 1073 757 ἓ
1093 709 1129 749 6.
1190 708 1244 748 So
1264 709 1308 746 of
1323 708 1550 758 gladiators
1567 709 1652 748 and

183 760 320 798 actors
340 760 422 800 Cic.
448 760 492 798 in
510 761 614 800 lexx.
674 761 771 799 Tac.
793 761 832 800 d.
855 763 902 799 21
925 764 1008 811 ipse
1028 763 1130 801 mihi
1150 763 1430 802 Caluus...uix
1449 765 1495 801 in
1512 775 1596 801 una
1613 768 1652 801 et

182 813 316 851 altera
335 815 596 852 oratiuncula
616 813 897 853 satisfacit.

261 901 283 948 ἓ
313 906 336 941 9
362 912 804 942 MEMINI...RECITASSE
838 903 862 942 5
895 905 915 951 ἓ
949 903 997 940 12
1029 915 1071 941 n.
1126 903 1285 952 Drager
1318 902 1418 941 hist.
1461 902 1577 952 Synt.
1615 915 1651 941 11

183 952 352 993 365—6.
408 955 436 992 1.
458 956 508 992 22
528 967 613 993 Nox
633 967 786 993 :unns
806 967 867 993 vn
887 957 935 996 17
956 955 1083 1004 (cited
1102 957 1122 1004 ἓ
1142 957 1165 995 6
1191 955 1219 993 1.
1249 957 1298 993 14
1323 958 1399 1004 n.).
1455 967 1489 994 11
1518 957 1566 996 19
1585 957 1606 1004 ἓ
1627 958 1650 996 9

182 1018 252 1045 nos
274 1013 418 1054 autem,
439 1009 476 1046 si
490 1009 696 1056 placuerit
715 1011 900 1056 recitare,
931 1010 1161 1046 adhibituri
1179 1021 1312 1047 sumus
1333 1010 1649 1047 eruditissimum

183 1072 390 1109 quemque.
445 1073 471 1099 v
498 1062 521 1098 3
546 1064 566 1109 ξ
597 1062 644 1098 11
677 1067 796 1110 atque
825 1063 921 1100 haec
951 1064 1013 1099 ita
1043 1063 1215 1111 disputo,
1249 1063 1367 1110 quasi
1389 1063 1583 1111 populum
1606 1064 1651 1100 in

183 1114 447 1158 auditorium,
474 1126 553 1152 non
578 1116 624 1152 in
652 1115 877 1152 cubiculum
902 1115 1048 1152 amicos
1076 1116 1374 1160 adnot-aueum,
1401 1127 1498 1163 quos
1510 1116 1650 1163 plures

183 1166 326 1204 habere
346 1168 483 1204 multis
503 1169 731 1214 9Ioriosum,
755 1168 1055 1215 reprehensioni
1074 1169 1228 1205 nemini
1249 1168 1351 1216 suit.
1411 1169 1458 1204 12
1481 1168 1565 1215 (13)
1586 1170 1606 1215 ξ
1625 1169 1647 1204 1

181 1220 426 1256 recitaturus
445 1221 756 1267 oratiunculam,
788 1232 906 1269 quam
930 1221 1142 1268 publicare
1170 1222 1311 1269 coqito,
1345 1221 1548 1257 aduocaui
1571 1221 1648 1258 ali-

183 1283 291 1320 quos,
311 1277 358 1309 ut
376 1284 548 1318 uererer,
569 1283 725 1321 pauco
738 1284 769 1318 s,
790 1278 835 1310 ut
854 1285 994 1310 uerum
1012 1273 1208 1310 audirem.
1263 1285 1358 1310 nam
1377 1273 1480 1310 mihi
1500 1274 1649 1322 duplex

180 1325 290 1361 ratio
322 1326 540 1370 recitandi,
571 1338 665 1372 una,
700 1331 747 1363 ut
775 1326 1052 1363 sollicitudine
1076 1326 1281 1371 intentior,
1317 1326 1462 1373 altera,
1498 1331 1546 1363 ut
1577 1327 1647 1363 ad-

181 1388 354 1424 monear,
379 1378 517 1426 siquid
537 1378 648 1426 forte
675 1391 732 1416 me
753 1383 798 1415 ut
819 1390 942 1415 meum
953 1379 1089 1427 fallit.
1144 1379 1165 1425 ξ
1185 1378 1208 1415 2
1229 1379 1308 1416 tuli
1329 1379 1434 1426 quod
1446 1379 1646 1427 petebam,

180 1430 321 1467 inueni
352 1432 422 1479 qui
453 1432 552 1468 milii
577 1432 737 1480 copiam
759 1432 919 1469 consilii
949 1432 1014 1468 sui
1034 1432 1234 1480 jacerent.
1290 1442 1332 1467 VI
1363 1431 1413 1467 21
1439 1431 1503 1478 §2
1522 1443 1649 1480 nuper

182 1483 328 1520 audiui
372 1484 594 1530 Verqilium
630 1485 854 1521 Romanum
889 1482 1065 1532 paucis
1104 1483 1354 1532 legentem
1390 1484 1640 1523 comoediam.

181 1546 243 1572 vu
272 1536 320 1574 17
352 1537 372 1583 ἓ
406 1537 452 1573 12
483 1549 687 1584 eqo...non
710 1538 907 1586 populum
939 1535 1194 1584 aduocare,
1231 1537 1300 1574 sed
1330 1538 1493 1574 certos
1527 1536 1646 1574 elec·

180 1590 361 1636 tosque
411 1589 558 1636 soleo,
603 1601 699 1637 quos
738 1591 914 1636 intuear,
957 1590 1099 1637 quibus
1133 1589 1303 1636 credam,
1347 1600 1442 1637 quos
1475 1589 1646 1639 denique

180 1646 218 1678 et
239 1647 441 1690 tamquam
459 1643 637 1689 sinqulos
658 1643 858 1680 obseruem
877 1647 914 1679 et
935 1647 1137 1690 tamquam
1162 1654 1242 1679 non
1266 1643 1445 1690 sinyulos
1472 1645 1645 1680 timeam.

179 1695 200 1741 §
222 1694 271 1731 15
291 1695 400 1732 nihil
419 1697 523 1732 enim
543 1707 660 1732 curae
681 1707 787 1733 meae
808 1697 908 1733 satis
929 1700 999 1733 est.
1056 1696 1196 1741 comto,
1232 1706 1351 1743 quam
1380 1696 1436 1732 sit
1460 1706 1647 1742 maynum

179 1747 276 1784 dare
296 1748 457 1795 aliquid
478 1750 519 1784 in
541 1760 680 1785 manus
702 1748 916 1792 hominum,
933 1748 1254 1796 necpersuadere
1273 1748 1374 1784 mihi
1388 1759 1550 1796 possum
1567 1759 1646 1785 non

180 1804 218 1837 et
251 1812 338 1836 cum
368 1801 503 1837 multis
529 1807 570 1838 et
600 1813 715 1850 saepe
749 1801 1005 1838 tractandum
1036 1801 1140 1849 quod
1165 1801 1326 1849 placere
1361 1805 1398 1838 et
1425 1812 1577 1850 semper
1607 1806 1645 1838 et

177 1851 411 1890 omnibus
430 1854 584 1902 cupias.

257 1937 286 1976 1.
309 1938 359 1975 24
378 1949 633 1976 SEVERITATE
655 1949 813 1976 Avmvu
841 1940 863 1976 3
883 1941 904 1986 §
924 1940 958 1978 3.
999 1940 1022 1978 9
1042 1940 1063 1986 ς
1085 1939 1146 1976 10.
1177 1949 1194 1975 1
1216 1938 1265 1976 10
1284 1940 1304 1985 5
1326 1940 1362 1978 7.
1392 1938 1440 1976 14
1458 1941 1478 1987 ξ
1499 1939 1536 1978 6.
1567 1950 1602 1977 11
1620 1939 1643 1978 5

179 1993 199 2039 ξ
219 1990 242 2029 6
262 1990 429 2039 (cited§
451 1992 547 2029 101.
571 1991 623 2041 1).
666 1993 713 2028 11
735 1994 754 2039 ξ
777 1993 812 2028 1.
843 2003 885 2028 1v
904 1994 927 2029 3
949 1994 968 2040 ξ
989 1993 1026 2028 2.
1069 2003 1110 2028 τι
1129 1991 1179 2029 29
1199 1993 1219 2038 ἓ
1239 1992 1262 2030 9
1285 1999 1385 2039 (esp.
1405 2003 1485 2028 vlu
1506 1992 1555 2029 12
1578 1994 1598 2039 ἕ
1619 1993 1645 2030 4

179 2043 263 2082 and
281 2046 330 2082 21
353 2046 445 2091 51).
476 2055 519 2082 ῙΧ
540 2045 588 2080 12
609 2047 628 2091 ξ
649 2045 685 2082 2.
716 2056 743 2081 Χ
763 2045 813 2081 20
834 2045 933 2092 (31).
982 2043 1155 2091 Quintil.
1175 2043 1254 2081 has
1275 2045 1376 2082 laete
1397 2057 1451 2082 an
1471 2056 1644 2083 seuere

177 2098 323 2141 dicere,
368 2099 498 2134 nimia
540 2098 829 2134 emendationis
877 2096 1138 2143 seueritas,
1187 2103 1352 2135 ornatus
1388 2099 1566 2146 pressior
1604 2104 1644 2136 ct

179 2148 418 2197 seuerior,
457 2151 556 2198 quid
599 2161 843 2193 seuerum,
883 2151 983 2198 quid
1020 2150 1240 2187 iucundum
1270 2151 1336 2197 sit,
1364 2151 1643 2189 Demosthenis

177 2200 353 2241 seuera
378 2203 623 2251 compositio,
648 2203 844 2240 cantandi
865 2202 1170 2240 seueriorem
1183 2204 1310 2251 paulo
1329 2203 1498 2240 modum.

254 2282 284 2321 l.
319 2283 369 2320 25
399 2293 588 2320 THEATRA
620 2281 704 2320 Cic.
728 2282 831 2319 Hor.
867 2281 1041 2330 Quintil.
1067 2294 1082 2319 1
1112 2285 1134 2320 2
1163 2284 1183 2330 ἓ
1212 2283 1235 2322 9
1264 2284 1434 2331 optimus
1471 2284 1640 2333 quisque

173 2342 408 2384 praeceptor
431 2336 670 2384 frequentia
705 2336 856 2383 qaudet
893 2347 940 2373 ac
977 2336 1128 2373 maiore
1164 2348 1204 2373 se
1242 2334 1442 2373 theatro
1475 2336 1640 2384 diqnum

175 2389 347 2426 iudicat.
406 2387 521 2425 ‘The
550 2388 787 2433 audience';
817 2387 868 2426 cf.
910 2388 1007 2436 ‘pit,
1028 2388 1165 2433 boxes,
1186 2388 1368 2436 gallery.‘
1427 2387 1482 2427 So
1507 2390 1637 2427 curia.

174 2453 292 2478 scena
321 2452 385 2489 ep.
424 2452 485 2478 vn
519 2441 568 2479 17
600 2444 621 2488 ξ
651 2442 690 2480 9.
746 2440 953 2489 Epicurus
981 2441 1026 2478 in
1056 2440 1150 2479 Sen.
1172 2453 1236 2489 ep.
1258 2443 1279 2481 7
1300 2442 1320 2488 ἓ
1342 2441 1390 2478 11
1410 2443 1512 2479 satis
1533 2443 1635 2479 enim

174 2505 364 2541 maynum
383 2495 490 2531 alter
509 2495 632 2531 alteri
657 2493 912 2531 theatrum
931 2505 1077 2532 sumus.
1138 2493 1209 2533 Sil.
1233 2505 1302 2531 XVI
1323 2494 1443 2531 5345
1471 2493 1607 2532 circo
1630 2496 1634 2540 Ι

173 2547 382 2585 innumero
410 2547 582 2594 fratre-3,
615 2558 766 2584 cauea
804 2547 1021 2584 damnante
1050 2546 1247 2594 furorem.
1311 2545 1559 2595 [Aristoxen.
1591 2545 1633 2584 in

173 2598 327 2636 Athen.
362 2598 462 2638 632¹>
507 2601 569 2637 καὶ
616 2599 734 2646 ἡμεῖς,
783 2600 916 2645 ἐπειδὴ
961 2601 1022 2636 καὶ
1068 2601 1118 2637 τὰ
1157 2597 1297 2647 θεάτρα
1343 2600 1634 2648 ἐκβαρβάρωται

174 2653 236 2690 καὶ
265 2653 317 2691 εἰς
344 2653 526 2698 μεγάλην
557 2653 769 2698 διαφθορὰν
791 2653 1054 2699 προελήλυθεν
1075 2651 1099 2699 ἠ
1128 2654 1323 2699 πάνδημος
1343 2652 1440 2698 αὕτη
1456 2655 1634 2699 μουσική,
