1775 3010
148 274 322 323 10—12]
377 273 679 324 QVOVSQVE.
740 274 1031 316 COMMODE'.
1086 273 1389 316 INCLVSVM.
1542 275 1620 317 257

145 368 362 408 materia
380 368 526 418 plura
545 367 798 407 scribendi
824 368 1053 409 dabatur.
1108 380 1270 418 neque
1299 368 1429 408 enim
1449 370 1621 410 eadem

144 426 320 461 nostra
355 422 585 461 condicio
623 434 746 470 quae
782 422 841 460 M.
872 422 1020 469 Tulli,
1051 424 1107 461 ad
1137 425 1252 461 cuius
1289 425 1514 472 exemplum
1548 437 1621 463 nos

144 487 278 513 uocas.
334 477 402 513 illi
433 477 538 514 enim
567 481 607 513 et
635 476 951 525 copiosissimum
979 477 1188 525 inqenium
1220 482 1259 514 et
1290 487 1381 524 par
1417 475 1621 525 ingenio

145 539 240 576 qua
258 527 478 567 uarietas
495 539 658 566 rerum
678 540 772 576 qua
796 529 1093 578 magnitudo
1114 528 1410 577 largissime
1439 541 1619 579 suppe-

144 580 292 621 tebat.
355 583 376 629 5
408 583 431 620 3
462 591 553 618 nos
589 592 734 629 quam
771 582 1012 630 angustis
1044 582 1277 620 terminis
1310 581 1616 629 claudamur,

144 633 296 672 etiam
314 636 514 673 tacente
532 646 606 671 me
624 634 885 683 perspicis,
909 637 993 673 nisi
1010 637 1122 685 forte
1142 636 1323 673 uolumus
1351 636 1616 676 scholasticas

144 688 222 724 tibi
241 693 377 737 atque,
398 693 443 725 ut
457 689 521 725 ita
539 688 684 733 dicam,
703 689 951 726 umbraticas
973 690 1128 727 litteras
1148 690 1322 727 mittere.

221 760 356 811 5111.
379 763 428 801 17
448 772 653 806 Qvovsovn
673 772 710 800 11
729 761 818 810 105
840 763 877 799 2.
927 762 978 800 20
997 764 1017 810 5
1038 763 1075 800 8.
1122 773 1185 800 vn
1204 764 1227 800 3
1248 765 1289 811 55
1309 763 1333 800 2
1360 763 1399 800 3.
1445 774 1544 812 pan.
1565 764 1617 804 59

141 814 221 863 54.
275 815 386 853 Flor.
408 814 527 863 Verg.
553 827 611 853 or.
641 827 698 853 an
725 818 834 863 poet.
867 827 958 853 XLII
985 816 1036 854 31
1060 815 1174 854 Jahn
1203 827 1463 864 quousque
1490 829 1614 865 naqa·

143 869 301 907 bimur?
356 868 534 907 Cicero’s
572 880 774 918 quousque
814 870 987 913 tandem,
1030 870 1250 907 Catilina?
1294 868 1332 907 is
1367 869 1612 918 proverbial.

140 932 346 960 VVLGABIA
373 933 478 960 once
509 922 634 969 again
663 921 711 959 in
740 921 801 961 Pl.
835 933 932 969 pan.
967 921 1019 959 54
1048 924 1069 970 5
1102 923 1126 959 3
1163 927 1245 959 tam
1275 921 1496 970 uulgare,
1533 929 1615 961 tam

133 986 323 1023 paruum.
401 985 499 1018 (ΝΠ)
535 974 660 1012 AG1s‘?
733 985 886 1018 Echm
924 986 1123 1013 conmonn
1160 977 1318 1012 VALEs?
1383 975 1432 1013 16
1469 978 1490 1024 5
1527 976 1614 1014 4n.

141 1026 284 1065 Cicero
306 1025 406 1077 (and
431 1026 500 1065 his
527 1027 690 1076 family)
711 1029 755 1065 to
785 1026 882 1066 Tiro
902 1027 1003 1065 fam.
1023 1039 1092 1065 m
1108 1028 1157 1065 11
1178 1029 1198 1075 5
1222 1029 1342 1077 Istic,
1368 1029 1413 1065 id
1431 1030 1539 1078 quod
1556 1036 1616 1068 est

139 1081 408 1118 humanitatis
430 1085 535 1128 tuae,
558 1093 607 1118 ne
629 1081 728 1130 quid
755 1081 874 1118 aliud
893 1093 1006 1119 cures
1028 1082 1098 1118 hoc
1120 1087 1302 1130 tempore,
1327 1083 1410 1119 uisi
1429 1087 1476 1119 ut
1495 1094 1615 1131 quam

139 1132 541 1172 commodissime
568 1133 916 1172 conualescas.
972 1133 1088 1173 Hier.
1120 1145 1183 1183 ep.
1214 1135 1264 1172 52
1295 1134 1318 1173 6
1347 1135 1470 1172 audio
1492 1147 1612 1184 prae-

138 1191 247 1224 terea
274 1188 321 1224 in
347 1199 457 1224 senes
490 1193 529 1225 et
560 1199 661 1224 anus
699 1188 846 1236 absque
882 1188 1018 1225 liberis
1055 1188 1308 1237 quorundam
1343 1193 1457 1236 turpe
1487 1190 1612 1226 serui·

138 1240 253 1279 tiu-m.
312 1240 394 1289 ipsi
431 1246 639 1288 apponunt
674 1241 881 1285 matulam,
921 1241 1104 1278 obsident
1142 1241 1296 1288 lectum,
1333 1241 1614 1290 purulentiam

135 1293 333 1330 stomachi·
369 1298 409 1330 et
447 1294 686 1341 phlegmata
724 1294 960 1342 pulmonum
996 1306 1119 1331 manu
1159 1295 1332 1343 propria
1367 1295 1606 1343 suscipiunt.

130 1351 287 1394 pauent
324 1346 379 1383 ad
413 1346 627 1384 introitum
662 1347 810 1384 medici
848 1347 1184 1395 trementibusque
1225 1348 1360 1391 labiis,
1396 1360 1450 1385 an
1487 1359 1610 1385 com-

135 1397 330 1441 modius
358 1397 579 1437 habeant
606 1400 881 1445 sciscitantur,
911 1405 950 1438 et
974 1401 1010 1437 si
1033 1401 1250 1448 paululum
1283 1412 1401 1438 senex
1430 1402 1612 1448 ueyetior

127 1451 274 1499 fuerit,
300 1453 595 1500 periclitantur
611 1453 882 1501 simulataque
903 1453 1069 1491 laetitia
1087 1465 1194 1491 mens
1214 1454 1459 1491 intrinsecus
1479 1466 1610 1491 auara

136 1508 357 1553 torquetur.
413 1515 564 1548 Ecovrn
594 1517 691 1553 pan.
721 1506 773 1544 49
799 1507 874 1552 53.
935 1505 1025 1545 Liv.
1050 1517 1076 1543 v
1094 1506 1146 1544 36
1173 1506 1237 1553 55
1257 1505 1385 1544 Drak.
1415 1517 1531 1544 xxvn
1560 1507 1611 1544 10

133 1557 154 1604 5
174 1557 197 1593 2
223 1556 350 1594 Drak.
370 1557 468 1597 Luc.
496 1569 549 1595 111
572 1559 622 1596 38
650 1557 755 1596 Oud.
778 1558 955 1597 Tursell.
975 1570 1011 1597 c.
1033 1559 1083 1598 65
1103 1560 1140 1598 5.
1187 1559 1424 1599 SCHAEFEB.
1480 1559 1611 1598 Hand

133 1619 168 1647 11
188 1610 359 1649 351-4.
416 1610 514 1650 Sen.
536 1621 601 1660 ep.
623 1612 673 1648 21
694 1613 714 1660 5
736 1611 797 1651 10.

210 1682 240 1721 1.
274 1682 325 1721 20
358 1693 568 1722 15chva
598 1683 861 1733 Nagelsbach
899 1684 1083 1724 Stilistik
1115 1687 1135 1734 5
1169 1686 1245 1725 129
1279 1685 1302 1724 5
1339 1685 1442 1724 cites
1479 1697 1609 1735 many

130 1735 434 1785 metaphorica]
451 1738 581 1775 terms
610 1739 654 1776 to
685 1749 851 1787 express
884 1738 1114 1776 limitation
1136 1738 1302 1791 (saepta,
1341 1740 1602 1788 circumdare,

129 1801 322 1835 resecare,
353 1791 536 1835 euellere,
570 1791 867 1840 circumcidere,
894 1793 1048 1840 limare,
1073 1793 1120 1830 in
1131 1804 1310 1841 paruum
1343 1793 1541 1841 quendam
1568 1800 1605 1830 et

130 1847 343 1890 anqustum
370 1843 497 1881 locum
521 1845 767 1889 concludere,
789 1846 1001 1891 angustius
1028 1846 1154 1890 ualet,
1186 1847 1400 1893 anqustius
1431 1850 1602 1890 tenetur,

128 1895 411 1934 contraherent
441 1897 488 1934 in
509 1902 796 1947 anqustumque
823 1899 1077 1944 deducerent,
1103 1899 1352 1946 anqustare).
1412 1909 1474 1948 ep.
1499 1909 1535 1936 Π
1555 1899 1603 1936 11

128 1947 219 1995 518
250 1949 370 1986 huius
403 1950 601 1987 actionem
623 1962 793 1999 uespera
822 1949 1045 1989 inclusit.
1104 1951 1152 1990 17
1173 1953 1215 1999 55
1243 1951 1280 1991 4.
1313 1953 1347 1991 7.
1370 1951 1432 1991 13.
1491 1962 1537 1989 1v
1555 1952 1607 1990 30

127 2003 148 2049 5
181 2001 205 2038 5
237 2002 350 2039 modo
383 2003 513 2050 laxat,
546 2002 660 2040 modo
691 2002 922 2044 includit.
981 2015 1008 2041 v
1036 2004 1060 2043 6
1090 2005 1214 2053 5517.
1240 2005 1303 2044 30.
1365 2005 1414 2042 14
1436 2003 1517 2056 (15)
1539 2006 1560 2053 5
1581 2005 1604 2044 9

126 2052 357 2092 includor
389 2057 590 2103 anqustiis
627 2062 877 2094 commeatus.
933 2067 995 2096 vn
1027 2057 1076 2094 21
1110 2060 1130 2105 5
1164 2058 1200 2096 1.
1255 2068 1283 2095 x
1313 2056 1363 2096 81
1401 2058 1482 2107 (85)
1512 2059 1533 2106 5
1565 2059 1602 2098 7.

124 2117 223 2156 pan.
247 2107 369 2156 651.
415 2109 465 2146 35
485 2111 506 2157 5
526 2109 563 2147 2.
619 2110 670 2147 48
691 2111 711 2158 5
732 2110 768 2150 3.
827 2110 878 2150 49
899 2111 976 2159 51.
1035 2110 1292 2150 Mufflann
1311 2109 1386 2151 eol.
1412 2112 1504 2151 549.

203 2183 225 2229 5
243 2185 291 2220 12
311 2193 413 2220 svm
427 2193 590 2226 vamt
609 2194 765 2222 cvxcrA
784 2195 859 2222 sz
877 2196 1000 2223 vxrvs
1018 2196 1216 2224 ARBrrRro
1238 2196 1283 2224 1v
1311 2186 1361 2224 25
1382 2186 1404 2234 5
1423 2186 1446 2224 5
1465 2198 1542 2235 quo
1564 2191 1601 2225 te

124 2239 260 2272 uertas
278 2237 294 2272 ‚²
314 2247 417 2283 quae
435 2237 613 2274 remedia
631 2238 846 2286 conquiras
864 2241 880 2275 .²
907 2239 1056 2288 ubique
1073 2240 1183 2277 uitia
1200 2240 1388 2277 remediis
1401 2241 1594 2288 fortiora.

124 2285 233 2325 ἀλλά.
250 2289 375 2326 ταῦτα
394 2289 450 2336 τῷ
464 2288 564 2338 ὑπὲρ
582 2289 686 2336 ἡμᾶς
703 2290 880 2338 μελήσει,
898 2292 965 2329 cui
988 2293 1156 2329 multum
1175 2293 1322 2330 cotidie
1341 2293 1598 2341 uiqiliarum‚

122 2341 291 2378 multum
310 2341 458 2379 laboris
478 2343 608 2381 adicit
632 2344 729 2381 haec
748 2349 886 2381 nostra
905 2346 1014 2382 iners
1034 2350 1072 2382 et
1094 2350 1227 2382 tamen
1257 2346 1457 2394 effrenata
1480 2351 1597 2394 petu-

123 2393 270 2432 lantia.
329 2404 427 2442 pan.
449 2395 499 2432 32
520 2407 576 2433 on
594 2395 666 2434 the
685 2395 886 2435 watchful
903 2408 997 2435 care
1017 2398 1060 2435 of
1080 2396 1236 2447 Trajan
1261 2403 1308 2435 ut
1328 2410 1431 2447 quae
1451 2398 1595 2447 ferun-

123 2450 191 2483 tur
208 2458 390 2496 quaeque
409 2453 652 2496 expetuntur
670 2460 760 2498 opes
789 2451 964 2488 inuicem
992 2451 1163 2499 capiant
1189 2456 1324 2498 qentes
1352 2456 1391 2489 et
1418 2451 1591 2499 discant,

120 2501 313 2546 quanto
347 2498 593 2539 libertate
629 2500 854 2540 discordi
895 2502 1247 2542 seruientibus
1293 2503 1362 2543 sit
1406 2503 1596 2543 utilius

118 2561 271 2589 unum
298 2563 407 2590 esse
434 2552 514 2592 cui
542 2554 781 2595 seruiunt.

197 2617 226 2656 1.
247 2619 298 2656 22
322 2630 664 2659 ΤΕΜῬΕΒΑΜΕΝΤΟ
685 2622 791 2670 156
810 2634 854 2660 n.
909 2634 953 2660 vr
973 2623 1022 2663 29
1042 2624 1063 2670 5
1083 2622 1108 2661 6
1140 2622 1212 2661 hoc
1233 2623 1324 2672 fere
1348 2624 1593 2673 tempera-

116 2673 341 2710 mentum
371 2674 456 2722 ipse
484 2676 663 2713 seruaui.
720 2675 804 2715 Cic.
830 2675 994 2713 Colum.
1021 2675 1118 2714 Tac.
1137 2675 1244 2714 Iust.
1271 2675 1428 2716 Minue.
1454 2678 1503 2717 17
1529 2679 1593 2726 58

115 2726 290 2764 medium
318 2727 507 2766 autumni
538 2733 577 2766 et
607 2729 730 2768 ueris.
788 2728 932 2768 Ambr.
964 2728 1156 2768 hexaem.
1186 2740 1240 2767 111
1272 2731 1291 2778 5
1321 2730 1370 2770 39
1399 2733 1590 2781 corporis.

247 2820 298 2855 n.
327 2821 368 2856 P.
1399 2811 1457 2859 17
