<?xml version="1.0" encoding="UTF-8"?>
<!DOCTYPE html PUBLIC "-//W3C//DTD XHTML 1.0 Transitional//EN"
    "http://www.w3.org/TR/xhtml1/DTD/xhtml1-transitional.dtd">
<html xmlns="http://www.w3.org/1999/xhtml" xml:lang="en" lang="en">
 <head>
  <title>
</title>
<meta http-equiv="Content-Type" content="text/html;charset=utf-8" />
  <meta name='ocr-system' content='tesseract 3.04.00' />
  <meta name='ocr-capabilities' content='ocr_page ocr_carea ocr_par ocr_line ocrx_word'/>
</head>
<body>
  <div class='ocr_page' id='page_1' title='image "./lettersbookiii00plinuoft/lettersbookiii00plinuoft_0243.png"; bbox 0 0 1775 3010; ppageno 0'>
   <div class='ocr_carea' id='block_1_1' title="bbox 128 234 1600 379">
    <p class='ocr_par' dir='ltr' id='par_1_1' title="bbox 128 234 1600 379">
     <span class='ocr_line' id='line_1_1' title="bbox 128 234 1596 288; baseline -0.002 -12"><span class='ocrx_word' id='word_1_1' title='bbox 128 238 170 288; x_wconf 84' lang='lat'>5]</span> <span class='ocrx_word' id='word_1_2' title='bbox 464 236 574 274; x_wconf 85' lang='lat' dir='ltr'>PER</span> <span class='ocrx_word' id='word_1_3' title='bbox 610 235 892 274; x_wconf 77' lang='lat' dir='ltr'><strong>AETATEM.</strong></span> <span class='ocrx_word' id='word_1_4' title='bbox 949 234 1276 273; x_wconf 84' lang='lat' dir='ltr'><strong>ADMIRATIO.</strong></span> <span class='ocrx_word' id='word_1_5' title='bbox 1521 235 1596 274; x_wconf 84' lang='lat'>189</span> 
     </span>
     <span class='ocr_line' id='line_1_2' title="bbox 128 327 1600 379; baseline -0.003 -8"><span class='ocrx_word' id='word_1_6' title='bbox 128 331 237 371; x_wconf 82' lang='lat' dir='ltr'>elub.</span> <span class='ocrx_word' id='word_1_7' title='bbox 310 331 363 370; x_wconf 88' lang='lat' dir='ltr'>In</span> <span class='ocrx_word' id='word_1_8' title='bbox 402 331 517 371; x_wconf 79' lang='lat' dir='ltr'>Stob.</span> <span class='ocrx_word' id='word_1_9' title='bbox 548 331 591 370; x_wconf 88' lang='lat' dir='ltr'>fl.</span> <span class='ocrx_word' id='word_1_10' title='bbox 625 342 739 369; x_wconf 80' lang='lat' dir='ltr'>van</span> <span class='ocrx_word' id='word_1_11' title='bbox 777 332 827 369; x_wconf 86' lang='lat'>20</span> <span class='ocrx_word' id='word_1_12' title='bbox 865 331 934 378; x_wconf 90' lang='lat'>(111</span> <span class='ocrx_word' id='word_1_13' title='bbox 971 330 994 368; x_wconf 90' lang='lat'>5</span> <span class='ocrx_word' id='word_1_14' title='bbox 1035 328 1085 367; x_wconf 86' lang='lat'>14</span> <span class='ocrx_word' id='word_1_15' title='bbox 1121 327 1267 379; x_wconf 92' lang='lat' dir='ltr'>Mein.)</span> <span class='ocrx_word' id='word_1_16' title='bbox 1305 328 1324 366; x_wconf 90' lang='grc' dir='ltr'>ὁ</span> <span class='ocrx_word' id='word_1_17' title='bbox 1357 329 1522 376; x_wconf 81' lang='grc' dir='ltr'>ἀναιρῶν</span> <span class='ocrx_word' id='word_1_18' title='bbox 1560 330 1600 375; x_wconf 82' lang='grc' dir='ltr'>ἐξ</span> 
     </span>
    </p>
   </div>
   <div class='ocr_carea' id='block_1_2' title="bbox 129 380 1603 583">
    <p class='ocr_par' dir='ltr' id='par_1_2' title="bbox 129 380 1603 583">
     <span class='ocr_line' id='line_1_3' title="bbox 131 380 1602 435; baseline -0.003 -11"><span class='ocrx_word' id='word_1_19' title='bbox 131 386 346 435; x_wconf 77' lang='grc' dir='ltr'>ἀνθρώπων</span> <span class='ocrx_word' id='word_1_20' title='bbox 380 385 506 435; x_wconf 71' lang='grc' dir='ltr'>’γάμον</span> <span class='ocrx_word' id='word_1_21' title='bbox 544 384 692 434; x_wconf 85' lang='grc' dir='ltr'>α’ναιρεῖ</span> <span class='ocrx_word' id='word_1_22' title='bbox 725 387 794 431; x_wconf 80' lang='grc' dir='ltr'>μὲν</span> <span class='ocrx_word' id='word_1_23' title='bbox 831 386 943 432; x_wconf 82' lang='grc' dir='ltr'>οἶκον,</span> <span class='ocrx_word' id='word_1_24' title='bbox 971 383 1120 432; x_wconf 80' lang='grc' dir='ltr'>ἀναιρεῖ</span> <span class='ocrx_word' id='word_1_25' title='bbox 1145 383 1186 420; x_wconf 80' lang='grc' dir='ltr'>δὲ</span> <span class='ocrx_word' id='word_1_26' title='bbox 1218 381 1348 426; x_wconf 85' lang='grc' dir='ltr'>πόλιν,</span> <span class='ocrx_word' id='word_1_27' title='bbox 1380 380 1527 430; x_wconf 82' lang='grc' dir='ltr'>ἀναιρεῖ</span> <span class='ocrx_word' id='word_1_28' title='bbox 1560 382 1602 419; x_wconf 78' lang='grc' dir='ltr'>δὲ</span> 
     </span>
     <span class='ocr_line' id='line_1_4' title="bbox 133 432 1603 487; baseline -0.005 -9"><span class='ocrx_word' id='word_1_29' title='bbox 133 439 291 486; x_wconf 80' lang='grc' dir='ltr'>σύμπαν</span> <span class='ocrx_word' id='word_1_30' title='bbox 311 440 357 477; x_wconf 62' lang='lat' dir='ltr'>‘ro‘</span> <span class='ocrx_word' id='word_1_31' title='bbox 387 436 620 487; x_wconf 68' lang='grc' dir='ltr'>ἀνθρώπειον</span> <span class='ocrx_word' id='word_1_32' title='bbox 644 439 766 486; x_wconf 66' lang='grc' dir='ltr'>γένος.</span> <span class='ocrx_word' id='word_1_33' title='bbox 819 437 875 474; x_wconf 85' lang='lat' dir='ltr'>‘A</span> <span class='ocrx_word' id='word_1_34' title='bbox 901 436 1033 474; x_wconf 83' lang='lat' dir='ltr'>house</span> <span class='ocrx_word' id='word_1_35' title='bbox 1061 447 1108 472; x_wconf 85' lang='lat'>01·</span> <span class='ocrx_word' id='word_1_36' title='bbox 1136 434 1221 483; x_wconf 74' lang='lat' dir='ltr'>city</span> <span class='ocrx_word' id='word_1_37' title='bbox 1247 432 1428 472; x_wconf 85' lang='lat' dir='ltr'>consists</span> <span class='ocrx_word' id='word_1_38' title='bbox 1455 435 1530 471; x_wconf 72' lang='lat' dir='ltr'>not</span> <span class='ocrx_word' id='word_1_39' title='bbox 1558 432 1603 471; x_wconf 77' lang='lat' dir='ltr'>of</span> 
     </span>
     <span class='ocr_line' id='line_1_5' title="bbox 129 485 1602 583; baseline -0.004 -53"><span class='ocrx_word' id='word_1_40' title='bbox 129 491 453 583; x_wconf 37' lang='lat' dir='ltr'>gariieeissdcagone,</span> <span class='ocrx_word' id='word_1_41' title='bbox 475 502 553 528; x_wconf 89' lang='lat' dir='ltr'>nor</span> <span class='ocrx_word' id='word_1_42' title='bbox 579 490 624 528; x_wconf 79' lang='lat' dir='ltr'>of</span> <span class='ocrx_word' id='word_1_43' title='bbox 649 501 749 528; x_wconf 92' lang='lat' dir='ltr'>men</span> <span class='ocrx_word' id='word_1_44' title='bbox 777 489 909 538; x_wconf 86' lang='lat' dir='ltr'>alone,</span> <span class='ocrx_word' id='word_1_45' title='bbox 934 488 1010 528; x_wconf 73' lang='lat' dir='ltr'>but</span> <span class='ocrx_word' id='word_1_46' title='bbox 1038 487 1084 526; x_wconf 87' lang='lat' dir='ltr'>of</span> <span class='ocrx_word' id='word_1_47' title='bbox 1107 487 1218 526; x_wconf 78' lang='lat' dir='ltr'>their</span> <span class='ocrx_word' id='word_1_48' title='bbox 1236 485 1471 535; x_wconf 73' lang='lat' dir='ltr'>fellowshjp</span> <span class='ocrx_word' id='word_1_49' title='bbox 1498 485 1602 525; x_wconf 86' lang='lat' dir='ltr'><em>each</em></span> 
     </span>
    </p>
   </div>
   <div class='ocr_carea' id='block_1_3' title="bbox 131 633 1606 952">
    <p class='ocr_par' dir='ltr' id='par_1_3' title="bbox 131 633 1606 952">
     <span class='ocr_line' id='line_1_6' title="bbox 209 633 1604 683; baseline -0.004 -7"><span class='ocrx_word' id='word_1_50' title='bbox 209 638 236 678; x_wconf 91' lang='lat'>1.</span> <span class='ocrx_word' id='word_1_51' title='bbox 263 640 286 678; x_wconf 89' lang='grc'><strong>7</strong></span> <span class='ocrx_word' id='word_1_52' title='bbox 312 647 503 682; x_wconf 76' lang='lat' dir='ltr'><strong>QVANTVM</strong></span> <span class='ocrx_word' id='word_1_53' title='bbox 533 647 706 674; x_wconf 72' lang='lat' dir='ltr'>chrrvu</span> <span class='ocrx_word' id='word_1_54' title='bbox 735 647 812 674; x_wconf 82' lang='lat' dir='ltr'>EST</span> <span class='ocrx_word' id='word_1_55' title='bbox 841 647 922 673; x_wconf 84' lang='lat' dir='ltr'>PER</span> <span class='ocrx_word' id='word_1_56' title='bbox 950 646 1143 673; x_wconf 73' lang='lat' dir='ltr'>AETATEM</span> <span class='ocrx_word' id='word_1_57' title='bbox 1173 646 1208 672; x_wconf 93' lang='lat'>11</span> <span class='ocrx_word' id='word_1_58' title='bbox 1243 635 1291 672; x_wconf 86' lang='lat'>13</span> <span class='ocrx_word' id='word_1_59' title='bbox 1323 634 1388 682; x_wconf 75' lang='lat'>§8</span> <span class='ocrx_word' id='word_1_60' title='bbox 1421 633 1604 683; x_wconf 82' lang='lat' dir='ltr'><strong><em>equidem</em></strong></span> 
     </span>
     <span class='ocr_line' id='line_1_7' title="bbox 131 687 1601 738; baseline -0.003 -10"><span class='ocrx_word' id='word_1_61' title='bbox 131 692 293 730; x_wconf 81' lang='lat' dir='ltr'>iuuenis</span> <span class='ocrx_word' id='word_1_62' title='bbox 313 692 453 729; x_wconf 80' lang='lat' dir='ltr'>statim</span> <span class='ocrx_word' id='word_1_63' title='bbox 471 691 611 727; x_wconf 81' lang='lat' dir='ltr'>iuueni</span> <span class='ocrx_word' id='word_1_64' title='bbox 641 692 886 737; x_wconf 81' lang='lat' dir='ltr'>quantum</span> <span class='ocrx_word' id='word_1_65' title='bbox 915 688 1059 738; x_wconf 77' lang='lat' dir='ltr'>potui</span> <span class='ocrx_word' id='word_1_66' title='bbox 1086 700 1172 737; x_wconf 88' lang='lat' dir='ltr'>per</span> <span class='ocrx_word' id='word_1_67' title='bbox 1200 689 1418 726; x_wconf 80' lang='lat' dir='ltr'>aetatem</span> <span class='ocrx_word' id='word_1_68' title='bbox 1446 687 1601 725; x_wconf 82' lang='lat' dir='ltr'>auidis-</span> 
     </span>
     <span class='ocr_line' id='line_1_8' title="bbox 131 738 1602 791; baseline -0.003 -10"><span class='ocrx_word' id='word_1_69' title='bbox 131 747 228 782; x_wconf 83' lang='lat' dir='ltr'>sime</span> <span class='ocrx_word' id='word_1_70' title='bbox 248 744 416 783; x_wconf 80' lang='lat' dir='ltr'>contuli.</span> <span class='ocrx_word' id='word_1_71' title='bbox 471 742 575 791; x_wconf 78' lang='lat' dir='ltr'>Nep.</span> <span class='ocrx_word' id='word_1_72' title='bbox 599 743 648 780; x_wconf 85' lang='lat'>18</span> <span class='ocrx_word' id='word_1_73' title='bbox 670 743 721 780; x_wconf 90' lang='grc'>10</span> <span class='ocrx_word' id='word_1_74' title='bbox 740 745 760 790; x_wconf 62' lang='grc' dir='ltr'>ἓ</span> <span class='ocrx_word' id='word_1_75' title='bbox 780 744 803 780; x_wconf 88' lang='grc'><strong>3</strong></span> <span class='ocrx_word' id='word_1_76' title='bbox 823 745 859 780; x_wconf 84' lang='lat' dir='ltr'>si</span> <span class='ocrx_word' id='word_1_77' title='bbox 878 754 964 790; x_wconf 86' lang='lat' dir='ltr'>per</span> <span class='ocrx_word' id='word_1_78' title='bbox 982 754 1071 780; x_wconf 81' lang='lat' dir='ltr'>suos</span> <span class='ocrx_word' id='word_1_79' title='bbox 1092 742 1225 779; x_wconf 77' lang='lat' dir='ltr'>esset</span> <span class='ocrx_word' id='word_1_80' title='bbox 1246 739 1459 778; x_wconf 81' lang='lat' dir='ltr'>licitum.</span> <span class='ocrx_word' id='word_1_81' title='bbox 1517 738 1602 777; x_wconf 82' lang='lat' dir='ltr'>Cic.</span> 
     </span>
     <span class='ocr_line' id='line_1_9' title="bbox 131 794 1603 845; baseline -0.003 -10"><span class='ocrx_word' id='word_1_82' title='bbox 131 797 242 836; x_wconf 85' lang='lat' dir='ltr'><strong>Phil.</strong></span> <span class='ocrx_word' id='word_1_83' title='bbox 271 809 306 834; x_wconf 93' lang='lat'>11</span> <span class='ocrx_word' id='word_1_84' title='bbox 334 799 354 844; x_wconf 66' lang='grc' dir='ltr'>ξ</span> <span class='ocrx_word' id='word_1_85' title='bbox 378 796 428 834; x_wconf 88' lang='grc'>54</span> <span class='ocrx_word' id='word_1_86' title='bbox 457 797 529 845; x_wconf 79' lang='lat' dir='ltr'>qui</span> <span class='ocrx_word' id='word_1_87' title='bbox 559 806 644 844; x_wconf 88' lang='lat' dir='ltr'>per</span> <span class='ocrx_word' id='word_1_88' title='bbox 667 796 947 834; x_wconf 82' lang='lat' dir='ltr'>ualetudinem</span> <span class='ocrx_word' id='word_1_89' title='bbox 972 796 1137 844; x_wconf 73' lang='lat' dir='ltr'>exsequi</span> <span class='ocrx_word' id='word_1_90' title='bbox 1166 795 1321 832; x_wconf 79' lang='lat' dir='ltr'><em>cladem</em></span> <span class='ocrx_word' id='word_1_91' title='bbox 1347 794 1603 842; x_wconf 82' lang='lat' dir='ltr'><em>illam...p0-</em></span> 
     </span>
     <span class='ocr_line' id='line_1_10' title="bbox 132 848 1606 898; baseline -0.003 -10"><span class='ocrx_word' id='word_1_92' title='bbox 132 850 371 888; x_wconf 73' lang='lat' dir='ltr'>tuissent.</span> <span class='ocrx_word' id='word_1_93' title='bbox 429 848 548 886; x_wconf 85' lang='lat' dir='ltr'><strong>Caes.</strong></span> <span class='ocrx_word' id='word_1_94' title='bbox 574 849 612 886; x_wconf 94' lang='lat' dir='ltr'>b.</span> <span class='ocrx_word' id='word_1_95' title='bbox 645 849 695 887; x_wconf 90' lang='lat' dir='ltr'>G.</span> <span class='ocrx_word' id='word_1_96' title='bbox 726 849 797 898; x_wconf 83' lang='lat' dir='ltr'>qui</span> <span class='ocrx_word' id='word_1_97' title='bbox 825 860 911 896; x_wconf 90' lang='lat' dir='ltr'>per</span> <span class='ocrx_word' id='word_1_98' title='bbox 939 850 1157 885; x_wconf 76' lang='lat' dir='ltr'><em>aetatem</em></span> <span class='ocrx_word' id='word_1_99' title='bbox 1186 848 1232 884; x_wconf 79' lang='lat' dir='ltr'>in</span> <span class='ocrx_word' id='word_1_100' title='bbox 1264 848 1388 885; x_wconf 84' lang='lat' dir='ltr'>armis</span> <span class='ocrx_word' id='word_1_101' title='bbox 1416 858 1496 884; x_wconf 82' lang='lat' dir='ltr'><em>esse</em></span> <span class='ocrx_word' id='word_1_102' title='bbox 1524 857 1606 884; x_wconf 77' lang='lat' dir='ltr'>non</span> 
     </span>
     <span class='ocr_line' id='line_1_11' title="bbox 131 898 1603 952; baseline -0.003 -10"><span class='ocrx_word' id='word_1_103' title='bbox 131 905 384 952; x_wconf 76' lang='lat' dir='ltr'>poterant.</span> <span class='ocrx_word' id='word_1_104' title='bbox 439 901 567 940; x_wconf 84' lang='lat' dir='ltr'>Fabri</span> <span class='ocrx_word' id='word_1_105' title='bbox 595 913 650 940; x_wconf 91' lang='lat' dir='ltr'>on</span> <span class='ocrx_word' id='word_1_106' title='bbox 681 901 774 939; x_wconf 85' lang='lat' dir='ltr'>Liv.</span> <span class='ocrx_word' id='word_1_107' title='bbox 806 913 896 939; x_wconf 80' lang='lat' dir='ltr'>xxn</span> <span class='ocrx_word' id='word_1_108' title='bbox 929 902 976 938; x_wconf 83' lang='lat'>21</span> <span class='ocrx_word' id='word_1_109' title='bbox 1004 903 1024 949; x_wconf 63' lang='grc' dir='ltr'>ἓ</span> <span class='ocrx_word' id='word_1_110' title='bbox 1057 901 1093 939; x_wconf 86' lang='grc'>1.</span> <span class='ocrx_word' id='word_1_111' title='bbox 1149 898 1279 938; x_wconf 83' lang='lat' dir='ltr'>Hand</span> <span class='ocrx_word' id='word_1_112' title='bbox 1310 899 1429 940; x_wconf 76' lang='lat' dir='ltr'>Turs.</span> <span class='ocrx_word' id='word_1_113' title='bbox 1463 910 1506 938; x_wconf 88' lang='lat' dir='ltr'>1v</span> <span class='ocrx_word' id='word_1_114' title='bbox 1524 899 1603 938; x_wconf 82' lang='lat'>439</span> 
     </span>
    </p>
   </div>
   <div class='ocr_carea' id='block_1_4' title="bbox 127 1041 1616 2734">
    <p class='ocr_par' dir='ltr' id='par_1_4' title="bbox 127 1041 1616 2734">
     <span class='ocr_line' id='line_1_12' title="bbox 210 1041 1604 1090; baseline -0.002 -9"><span class='ocrx_word' id='word_1_115' title='bbox 210 1042 237 1083; x_wconf 92' lang='lat'>1.</span> <span class='ocrx_word' id='word_1_116' title='bbox 264 1045 288 1083; x_wconf 88' lang='lat'><strong>7</strong></span> <span class='ocrx_word' id='word_1_117' title='bbox 307 1044 330 1081; x_wconf 90' lang='grc'>8</span> <span class='ocrx_word' id='word_1_118' title='bbox 349 1054 430 1081; x_wconf 66' lang='lat' dir='ltr'>cnr</span> <span class='ocrx_word' id='word_1_119' title='bbox 457 1053 740 1080; x_wconf 72' lang='lat' dir='ltr'>ADMIRATIONE</span> <span class='ocrx_word' id='word_1_120' title='bbox 770 1053 915 1079; x_wconf 70' lang='lat' dir='ltr'>mmm</span> <span class='ocrx_word' id='word_1_121' title='bbox 945 1043 968 1080; x_wconf 91' lang='lat'>3</span> <span class='ocrx_word' id='word_1_122' title='bbox 988 1044 1007 1090; x_wconf 67' lang='grc' dir='ltr'>ξ</span> <span class='ocrx_word' id='word_1_123' title='bbox 1029 1042 1050 1079; x_wconf 95' lang='grc'>1</span> <span class='ocrx_word' id='word_1_124' title='bbox 1070 1041 1096 1080; x_wconf 93' lang='grc'>1.</span> <span class='ocrx_word' id='word_1_125' title='bbox 1121 1043 1144 1081; x_wconf 88' lang='grc'>9</span> <span class='ocrx_word' id='word_1_126' title='bbox 1164 1053 1205 1079; x_wconf 89' lang='lat' dir='ltr'>n.</span> <span class='ocrx_word' id='word_1_127' title='bbox 1261 1053 1278 1079; x_wconf 93' lang='lat'>1</span> <span class='ocrx_word' id='word_1_128' title='bbox 1299 1041 1347 1079; x_wconf 85' lang='grc'>16</span> <span class='ocrx_word' id='word_1_129' title='bbox 1368 1043 1388 1089; x_wconf 62' lang='grc' dir='ltr'><strong>ἓ</strong></span> <span class='ocrx_word' id='word_1_130' title='bbox 1408 1041 1431 1080; x_wconf 89' lang='grc'>9</span> <span class='ocrx_word' id='word_1_131' title='bbox 1461 1045 1504 1078; x_wconf 81' lang='lat' dir='ltr'>at</span> <span class='ocrx_word' id='word_1_132' title='bbox 1535 1041 1604 1079; x_wconf 79' lang='lat' dir='ltr'>hoc</span> 
     </span>
     <span class='ocr_line' id='line_1_13' title="bbox 127 1092 1604 1147; baseline -0.001 -13"><span class='ocrx_word' id='word_1_133' title='bbox 127 1108 306 1147; x_wconf 76' lang='lat' dir='ltr'>prauum</span> <span class='ocrx_word' id='word_1_134' title='bbox 323 1097 623 1145; x_wconf 71' lang='lat' dir='ltr'>maliynumque</span> <span class='ocrx_word' id='word_1_135' title='bbox 643 1101 714 1141; x_wconf 82' lang='lat' dir='ltr'><em>est,</em></span> <span class='ocrx_word' id='word_1_136' title='bbox 735 1107 834 1133; x_wconf 92' lang='lat' dir='ltr'>non</span> <span class='ocrx_word' id='word_1_137' title='bbox 854 1094 1097 1133; x_wconf 84' lang='lat' dir='ltr'>admirari</span> <span class='ocrx_word' id='word_1_138' title='bbox 1116 1094 1368 1133; x_wconf 89' lang='lat' dir='ltr'>hominem</span> <span class='ocrx_word' id='word_1_139' title='bbox 1395 1092 1604 1132; x_wconf 83' lang='lat' dir='ltr'>admira·</span> 
     </span>
     <span class='ocr_line' id='line_1_14' title="bbox 133 1148 1603 1198; baseline -0.002 -11"><span class='ocrx_word' id='word_1_140' title='bbox 133 1149 270 1188; x_wconf 82' lang='lat' dir='ltr'>tione</span> <span class='ocrx_word' id='word_1_141' title='bbox 301 1148 675 1197; x_wconf 82' lang='lat' dir='ltr'>dignissimum,</span> <span class='ocrx_word' id='word_1_142' title='bbox 700 1150 801 1198; x_wconf 81' lang='lat' dir='ltr'>qnia</span> <span class='ocrx_word' id='word_1_143' title='bbox 834 1150 972 1186; x_wconf 80' lang='lat' dir='ltr'>uidere</span> <span class='ocrx_word' id='word_1_144' title='bbox 1006 1149 1175 1196; x_wconf 78' lang='lat' dir='ltr'><em>adloqui</em></span> <span class='ocrx_word' id='word_1_145' title='bbox 1208 1149 1352 1186; x_wconf 80' lang='lat' dir='ltr'>audire</span> <span class='ocrx_word' id='word_1_146' title='bbox 1383 1148 1603 1196; x_wconf 80' lang='lat' dir='ltr'><em>complecti,</em></span> 
     </span>
     <span class='ocr_line' id='line_1_15' title="bbox 132 1199 1609 1250; baseline -0.002 -10"><span class='ocrx_word' id='word_1_147' title='bbox 132 1215 204 1241; x_wconf 80' lang='lat' dir='ltr'>nec</span> <span class='ocrx_word' id='word_1_148' title='bbox 244 1203 410 1240; x_wconf 80' lang='lat' dir='ltr'><em>laudare</em></span> <span class='ocrx_word' id='word_1_149' title='bbox 449 1207 605 1240; x_wconf 84' lang='lat' dir='ltr'>tantum</span> <span class='ocrx_word' id='word_1_150' title='bbox 634 1214 774 1239; x_wconf 84' lang='lat' dir='ltr'>uerum</span> <span class='ocrx_word' id='word_1_151' title='bbox 804 1203 928 1239; x_wconf 82' lang='lat' dir='ltr'>etiam</span> <span class='ocrx_word' id='word_1_152' title='bbox 957 1214 1092 1239; x_wconf 87' lang='lat' dir='ltr'><em>amare</em></span> <span class='ocrx_word' id='word_1_153' title='bbox 1125 1202 1312 1249; x_wconf 63' lang='lat' dir='ltr'>contigit.</span> <span class='ocrx_word' id='word_1_154' title='bbox 1373 1201 1422 1238; x_wconf 83' lang='lat'>22</span> <span class='ocrx_word' id='word_1_155' title='bbox 1455 1202 1476 1248; x_wconf 65' lang='grc' dir='ltr'>ἓ</span> <span class='ocrx_word' id='word_1_156' title='bbox 1505 1200 1526 1237; x_wconf 92' lang='grc'>1</span> <span class='ocrx_word' id='word_1_157' title='bbox 1551 1199 1609 1250; x_wconf 82' lang='lat' dir='ltr'>(of</span> 
     </span>
     <span class='ocr_line' id='line_1_16' title="bbox 133 1253 1606 1306; baseline 0 -13"><span class='ocrx_word' id='word_1_158' title='bbox 133 1254 288 1306; x_wconf 84' lang='lat' dir='ltr'>Aristo)</span> <span class='ocrx_word' id='word_1_159' title='bbox 323 1267 437 1303; x_wconf 81' lang='lat' dir='ltr'>quem</span> <span class='ocrx_word' id='word_1_160' title='bbox 466 1256 732 1303; x_wconf 67' lang='lat' dir='ltr'>sinyulariter</span> <span class='ocrx_word' id='word_1_161' title='bbox 762 1257 809 1293; x_wconf 80' lang='lat' dir='ltr'>et</span> <span class='ocrx_word' id='word_1_162' title='bbox 841 1253 997 1292; x_wconf 89' lang='lat' dir='ltr'>miror</span> <span class='ocrx_word' id='word_1_163' title='bbox 1026 1256 1072 1292; x_wconf 78' lang='lat' dir='ltr'>et</span> <span class='ocrx_word' id='word_1_164' title='bbox 1106 1253 1276 1302; x_wconf 86' lang='lat' dir='ltr'>diligo.</span> <span class='ocrx_word' id='word_1_165' title='bbox 1331 1253 1430 1293; x_wconf 83' lang='lat' dir='ltr'>Luc.</span> <span class='ocrx_word' id='word_1_166' title='bbox 1457 1264 1501 1291; x_wconf 85' lang='lat' dir='ltr'>1x</span> <span class='ocrx_word' id='word_1_167' title='bbox 1529 1254 1606 1293; x_wconf 88' lang='grc'>807</span> 
     </span>
     <span class='ocr_line' id='line_1_17' title="bbox 136 1306 1606 1356; baseline -0.001 -10"><span class='ocrx_word' id='word_1_168' title='bbox 136 1308 266 1347; x_wconf 83' lang='lat' dir='ltr'>schol.</span> <span class='ocrx_word' id='word_1_169' title='bbox 302 1310 556 1356; x_wconf 73' lang='lat' dir='ltr'>maynanimo</span> <span class='ocrx_word' id='word_1_170' title='bbox 585 1309 729 1346; x_wconf 82' lang='lat' dir='ltr'>iuueni</span> <span class='ocrx_word' id='word_1_171' title='bbox 758 1307 1069 1356; x_wconf 81' lang='lat' dir='ltr'>miratorique</span> <span class='ocrx_word' id='word_1_172' title='bbox 1102 1307 1327 1346; x_wconf 80' lang='lat' dir='ltr'>Catonis.</span> <span class='ocrx_word' id='word_1_173' title='bbox 1398 1306 1504 1346; x_wconf 82' lang='lat' dir='ltr'><strong>Stat.</strong></span> <span class='ocrx_word' id='word_1_174' title='bbox 1527 1318 1560 1344; x_wconf 83' lang='lat' dir='ltr'>s.</span> <span class='ocrx_word' id='word_1_175' title='bbox 1579 1318 1606 1344; x_wconf 88' lang='lat' dir='ltr'>v</span> 
     </span>
     <span class='ocr_line' id='line_1_18' title="bbox 137 1359 1606 1410; baseline 0 -11"><span class='ocrx_word' id='word_1_176' title='bbox 137 1363 161 1399; x_wconf 88' lang='lat'><strong>2</strong></span> <span class='ocrx_word' id='word_1_177' title='bbox 181 1360 230 1401; x_wconf 77' lang='lat'>76</span> <span class='ocrx_word' id='word_1_178' title='bbox 259 1360 530 1409; x_wconf 85' lang='lat' dir='ltr'>mirarique</span> <span class='ocrx_word' id='word_1_179' title='bbox 556 1367 730 1410; x_wconf 80' lang='lat' dir='ltr'><em>patrem,</em></span> <span class='ocrx_word' id='word_1_180' title='bbox 755 1360 887 1398; x_wconf 79' lang='lat' dir='ltr'>where</span> <span class='ocrx_word' id='word_1_181' title='bbox 918 1360 1068 1398; x_wconf 88' lang='lat' dir='ltr'>Markl.</span> <span class='ocrx_word' id='word_1_182' title='bbox 1089 1360 1191 1398; x_wconf 81' lang='lat' dir='ltr'>cites</span> <span class='ocrx_word' id='word_1_183' title='bbox 1216 1360 1319 1400; x_wconf 88' lang='lat' dir='ltr'>Aen.</span> <span class='ocrx_word' id='word_1_184' title='bbox 1343 1371 1424 1398; x_wconf 86' lang='lat' dir='ltr'>vm</span> <span class='ocrx_word' id='word_1_185' title='bbox 1449 1359 1606 1399; x_wconf 83' lang='lat'>516—7</span> 
     </span>
     <span class='ocr_line' id='line_1_19' title="bbox 138 1411 1605 1465; baseline -0.002 -12"><span class='ocrx_word' id='word_1_186' title='bbox 138 1420 211 1453; x_wconf 81' lang='grc' dir='ltr'>τιια</span> <span class='ocrx_word' id='word_1_187' title='bbox 236 1426 394 1452; x_wconf 83' lang='lat' dir='ltr'><em>cernere</em></span> <span class='ocrx_word' id='word_1_188' title='bbox 415 1415 536 1463; x_wconf 82' lang='lat' dir='ltr'><em>sacta</em></span> <span class='ocrx_word' id='word_1_189' title='bbox 560 1414 564 1465; x_wconf 87' lang='grc' dir='ltr'>Ι</span> <span class='ocrx_word' id='word_1_190' title='bbox 590 1414 803 1452; x_wconf 77' lang='lat' dir='ltr'><em>adsuescat</em></span> <span class='ocrx_word' id='word_1_191' title='bbox 819 1415 966 1462; x_wconf 80' lang='lat' dir='ltr'>primis</span> <span class='ocrx_word' id='word_1_192' title='bbox 991 1419 1029 1452; x_wconf 78' lang='lat' dir='ltr'><em>et</em></span> <span class='ocrx_word' id='word_1_193' title='bbox 1058 1419 1094 1452; x_wconf 81' lang='lat' dir='ltr'><em>te</em></span> <span class='ocrx_word' id='word_1_194' title='bbox 1124 1413 1335 1451; x_wconf 83' lang='lat' dir='ltr'>miretur</span> <span class='ocrx_word' id='word_1_195' title='bbox 1361 1412 1418 1451; x_wconf 86' lang='lat' dir='ltr'>ab</span> <span class='ocrx_word' id='word_1_196' title='bbox 1447 1411 1605 1451; x_wconf 82' lang='lat' dir='ltr'>annis.</span> 
     </span>
     <span class='ocr_line' id='line_1_20' title="bbox 137 1465 1605 1518; baseline 0 -14"><span class='ocrx_word' id='word_1_197' title='bbox 137 1467 278 1505; x_wconf 72' lang='lat' dir='ltr'>Coum</span> <span class='ocrx_word' id='word_1_198' title='bbox 308 1466 399 1504; x_wconf 75' lang='lat' dir='ltr'>who</span> <span class='ocrx_word' id='word_1_199' title='bbox 427 1467 529 1504; x_wconf 81' lang='lat' dir='ltr'>cites</span> <span class='ocrx_word' id='word_1_200' title='bbox 558 1468 581 1504; x_wconf 91' lang='lat'><strong>3</strong></span> <span class='ocrx_word' id='word_1_201' title='bbox 611 1478 700 1505; x_wconf 80' lang='lat' dir='ltr'>exx.</span> <span class='ocrx_word' id='word_1_202' title='bbox 735 1466 781 1504; x_wconf 82' lang='lat' dir='ltr'>of</span> <span class='ocrx_word' id='word_1_203' title='bbox 807 1465 988 1518; x_wconf 69' lang='grc' dir='ltr'><em>θαυμάζω</em></span> <span class='ocrx_word' id='word_1_204' title='bbox 1018 1478 1063 1504; x_wconf 87' lang='lat' dir='ltr'>so</span> <span class='ocrx_word' id='word_1_205' title='bbox 1096 1466 1199 1504; x_wconf 85' lang='lat' dir='ltr'>used</span> <span class='ocrx_word' id='word_1_206' title='bbox 1231 1466 1340 1504; x_wconf 88' lang='lat' dir='ltr'>from</span> <span class='ocrx_word' id='word_1_207' title='bbox 1372 1465 1476 1505; x_wconf 91' lang='lat' dir='ltr'>Xen.</span> <span class='ocrx_word' id='word_1_208' title='bbox 1511 1465 1605 1514; x_wconf 85' lang='lat' dir='ltr'>Cyr.</span> 
     </span>
     <span class='ocr_line' id='line_1_21' title="bbox 137 1518 1591 1568; baseline -0.001 -11"><span class='ocrx_word' id='word_1_209' title='bbox 137 1519 226 1558; x_wconf 87' lang='lat' dir='ltr'>The</span> <span class='ocrx_word' id='word_1_210' title='bbox 252 1519 485 1568; x_wconf 82' lang='lat' dir='ltr'>lip-service</span> <span class='ocrx_word' id='word_1_211' title='bbox 513 1519 559 1557; x_wconf 82' lang='lat' dir='ltr'>of</span> <span class='ocrx_word' id='word_1_212' title='bbox 581 1531 687 1568; x_wconf 83' lang='lat' dir='ltr'>your</span> <span class='ocrx_word' id='word_1_213' title='bbox 715 1531 810 1568; x_wconf 71' lang='lat' dir='ltr'>euye</span> <span class='ocrx_word' id='word_1_214' title='bbox 840 1519 922 1557; x_wconf 74' lang='lat' dir='ltr'>and</span> <span class='ocrx_word' id='word_1_215' title='bbox 949 1531 1053 1568; x_wconf 81' lang='lat' dir='ltr'>your</span> <span class='ocrx_word' id='word_1_216' title='bbox 1082 1521 1195 1565; x_wconf 82' lang='lat' dir='ltr'><em>belle,</em></span> <span class='ocrx_word' id='word_1_217' title='bbox 1225 1519 1297 1557; x_wconf 76' lang='lat' dir='ltr'>the</span> <span class='ocrx_word' id='word_1_218' title='bbox 1324 1518 1494 1568; x_wconf 84' lang='lat' dir='ltr'>miserly</span> <span class='ocrx_word' id='word_1_219' title='bbox 1513 1518 1591 1556; x_wconf 88' lang='lat' dir='ltr'>mil</span> 
     </span>
     <span class='ocr_line' id='line_1_22' title="bbox 135 1571 1609 1622; baseline 0 -12"><span class='ocrx_word' id='word_1_220' title='bbox 135 1572 311 1611; x_wconf 81' lang='lat' dir='ltr'>lionaire</span> <span class='ocrx_word' id='word_1_221' title='bbox 339 1572 431 1610; x_wconf 82' lang='lat' dir='ltr'>who</span> <span class='ocrx_word' id='word_1_222' title='bbox 459 1572 594 1611; x_wconf 76' lang='lat' dir='ltr'>learnt</span> <span class='ocrx_word' id='word_1_223' title='bbox 617 1572 721 1622; x_wconf 83' lang='lat' dir='ltr'>(Iuv.</span> <span class='ocrx_word' id='word_1_224' title='bbox 743 1584 803 1610; x_wconf 82' lang='lat' dir='ltr'>vn</span> <span class='ocrx_word' id='word_1_225' title='bbox 824 1573 873 1610; x_wconf 83' lang='lat'>31</span> <span class='ocrx_word' id='word_1_226' title='bbox 894 1573 961 1621; x_wconf 88' lang='grc'>32)</span> <span class='ocrx_word' id='word_1_227' title='bbox 984 1578 1142 1610; x_wconf 78' lang='lat' dir='ltr'>tantum</span> <span class='ocrx_word' id='word_1_228' title='bbox 1170 1571 1425 1620; x_wconf 82' lang='lat' dir='ltr'>admirari,</span> <span class='ocrx_word' id='word_1_229' title='bbox 1452 1578 1609 1610; x_wconf 81' lang='lat' dir='ltr'>tantum</span> 
     </span>
     <span class='ocr_line' id='line_1_23' title="bbox 138 1624 1608 1675; baseline -0.001 -11"><span class='ocrx_word' id='word_1_230' title='bbox 138 1627 307 1664; x_wconf 77' lang='lat' dir='ltr'><em>laudare</em></span> <span class='ocrx_word' id='word_1_231' title='bbox 346 1626 528 1670; x_wconf 58' lang='lat' dir='ltr'>diser-tw,</span> <span class='ocrx_word' id='word_1_232' title='bbox 554 1624 558 1665; x_wconf 98' lang='grc' dir='ltr'>Ι</span> <span class='ocrx_word' id='word_1_233' title='bbox 584 1631 629 1663; x_wconf 82' lang='lat' dir='ltr'>ut</span> <span class='ocrx_word' id='word_1_234' title='bbox 667 1628 790 1675; x_wconf 75' lang='lat' dir='ltr'>pueri</span> <span class='ocrx_word' id='word_1_235' title='bbox 826 1627 995 1663; x_wconf 80' lang='lat' dir='ltr'>Iunonis</span> <span class='ocrx_word' id='word_1_236' title='bbox 1033 1625 1345 1664; x_wconf 77' lang='lat' dir='ltr'><em>auems-these</em></span> <span class='ocrx_word' id='word_1_237' title='bbox 1382 1624 1514 1663; x_wconf 88' lang='lat' dir='ltr'>found</span> <span class='ocrx_word' id='word_1_238' title='bbox 1552 1635 1608 1662; x_wconf 90' lang='lat' dir='ltr'>no</span> 
     </span>
     <span class='ocr_line' id='line_1_24' title="bbox 138 1673 1610 1727; baseline -0.001 -11"><span class='ocrx_word' id='word_1_239' title='bbox 138 1680 306 1727; x_wconf 87' lang='lat' dir='ltr'>quarter</span> <span class='ocrx_word' id='word_1_240' title='bbox 324 1677 432 1716; x_wconf 84' lang='lat' dir='ltr'>frOm</span> <span class='ocrx_word' id='word_1_241' title='bbox 451 1678 682 1718; x_wconf 81' lang='lat' dir='ltr'>Musonius,</span> <span class='ocrx_word' id='word_1_242' title='bbox 743 1679 810 1716; x_wconf 91' lang='lat' dir='ltr'>He</span> <span class='ocrx_word' id='word_1_243' title='bbox 829 1678 970 1716; x_wconf 84' lang='lat' dir='ltr'>rather</span> <span class='ocrx_word' id='word_1_244' title='bbox 995 1673 1266 1726; x_wconf 77' lang='lat' dir='ltr'>discouraged</span> <span class='ocrx_word' id='word_1_245' title='bbox 1295 1690 1319 1716; x_wconf 85' lang='lat' dir='ltr'><em>a</em></span> <span class='ocrx_word' id='word_1_246' title='bbox 1346 1677 1498 1726; x_wconf 80' lang='lat' dir='ltr'>pupil’s</span> <span class='ocrx_word' id='word_1_247' title='bbox 1518 1677 1610 1716; x_wconf 80' lang='lat' dir='ltr'>first</span> 
     </span>
     <span class='ocr_line' id='line_1_25' title="bbox 137 1730 1611 1780; baseline -0.001 -10"><span class='ocrx_word' id='word_1_248' title='bbox 137 1731 355 1777; x_wconf 82' lang='lat' dir='ltr'>advanees,</span> <span class='ocrx_word' id='word_1_249' title='bbox 370 1731 416 1769; x_wconf 91' lang='lat' dir='ltr'>in</span> <span class='ocrx_word' id='word_1_250' title='bbox 435 1731 555 1769; x_wconf 90' lang='lat' dir='ltr'>order</span> <span class='ocrx_word' id='word_1_251' title='bbox 574 1734 617 1769; x_wconf 83' lang='lat' dir='ltr'>to</span> <span class='ocrx_word' id='word_1_252' title='bbox 637 1733 718 1770; x_wconf 79' lang='lat' dir='ltr'>test</span> <span class='ocrx_word' id='word_1_253' title='bbox 736 1731 805 1769; x_wconf 80' lang='lat' dir='ltr'>his</span> <span class='ocrx_word' id='word_1_254' title='bbox 824 1730 1088 1769; x_wconf 81' lang='lat' dir='ltr'>enthusiasm</span> <span class='ocrx_word' id='word_1_255' title='bbox 1107 1732 1250 1780; x_wconf 73' lang='lat' dir='ltr'>Epikt.</span> <span class='ocrx_word' id='word_1_256' title='bbox 1266 1743 1319 1769; x_wconf 91' lang='lat'>111</span> <span class='ocrx_word' id='word_1_257' title='bbox 1334 1731 1357 1769; x_wconf 83' lang='lat'>6</span> <span class='ocrx_word' id='word_1_258' title='bbox 1378 1734 1397 1779; x_wconf 66' lang='grc' dir='ltr'>ξ</span> <span class='ocrx_word' id='word_1_259' title='bbox 1416 1732 1464 1769; x_wconf 90' lang='grc'>10</span> <span class='ocrx_word' id='word_1_260' title='bbox 1486 1733 1611 1779; x_wconf 84' lang='grc' dir='ltr'>τούτῳ</span> 
     </span>
     <span class='ocr_line' id='line_1_26' title="bbox 140 1783 1604 1834; baseline -0.001 -11"><span class='ocrx_word' id='word_1_261' title='bbox 140 1786 426 1833; x_wconf 83' lang='grc' dir='ltr'>δοκιμαστηρὶῳ</span> <span class='ocrx_word' id='word_1_262' title='bbox 453 1784 646 1834; x_wconf 81' lang='grc' dir='ltr'>χρώμενος</span> <span class='ocrx_word' id='word_1_263' title='bbox 674 1787 751 1823; x_wconf 80' lang='grc' dir='ltr'>τῶν</span> <span class='ocrx_word' id='word_1_264' title='bbox 787 1784 935 1832; x_wconf 75' lang='grc' dir='ltr'>εὐφυῶν</span> <span class='ocrx_word' id='word_1_265' title='bbox 970 1787 1034 1823; x_wconf 79' lang='grc' dir='ltr'>καὶ</span> <span class='ocrx_word' id='word_1_266' title='bbox 1072 1783 1218 1833; x_wconf 60' lang='grc' dir='ltr'>ἀφυξν.</span> <span class='ocrx_word' id='word_1_267' title='bbox 1279 1785 1336 1822; x_wconf 84' lang='lat' dir='ltr'>As</span> <span class='ocrx_word' id='word_1_268' title='bbox 1365 1784 1435 1822; x_wconf 81' lang='lat' dir='ltr'>the</span> <span class='ocrx_word' id='word_1_269' title='bbox 1472 1786 1604 1830; x_wconf 80' lang='lat' dir='ltr'>stone,</span> 
     </span>
     <span class='ocr_line' id='line_1_27' title="bbox 134 1837 1610 1886; baseline 0 -10"><span class='ocrx_word' id='word_1_270' title='bbox 134 1837 303 1876; x_wconf 73' lang='lat' dir='ltr'>thrown</span> <span class='ocrx_word' id='word_1_271' title='bbox 333 1837 515 1886; x_wconf 79' lang='lat' dir='ltr'>upward,</span> <span class='ocrx_word' id='word_1_272' title='bbox 545 1837 641 1876; x_wconf 86' lang='lat' dir='ltr'>falls</span> <span class='ocrx_word' id='word_1_273' title='bbox 669 1837 788 1876; x_wconf 81' lang='lat' dir='ltr'>down</span> <span class='ocrx_word' id='word_1_274' title='bbox 817 1837 870 1886; x_wconf 82' lang='lat' dir='ltr'>by</span> <span class='ocrx_word' id='word_1_275' title='bbox 888 1837 944 1875; x_wconf 82' lang='lat' dir='ltr'>its</span> <span class='ocrx_word' id='word_1_276' title='bbox 971 1838 1143 1876; x_wconf 83' lang='lat' dir='ltr'>natural</span> <span class='ocrx_word' id='word_1_277' title='bbox 1171 1837 1344 1886; x_wconf 82' lang='lat' dir='ltr'>gravity‚</span> <span class='ocrx_word' id='word_1_278' title='bbox 1366 1837 1465 1876; x_wconf 85' lang='grc' dir='ltr'>οὕτω</span> <span class='ocrx_word' id='word_1_279' title='bbox 1499 1839 1561 1876; x_wconf 85' lang='grc' dir='ltr'>καὶ</span> <span class='ocrx_word' id='word_1_280' title='bbox 1589 1838 1610 1876; x_wconf 83' lang='grc' dir='ltr'>ὁ</span> 
     </span>
     <span class='ocr_line' id='line_1_28' title="bbox 140 1889 1612 1940; baseline -0.001 -11"><span class='ocrx_word' id='word_1_281' title='bbox 140 1890 294 1940; x_wconf 82' lang='grc' dir='ltr'>εὐφυής,</span> <span class='ocrx_word' id='word_1_282' title='bbox 319 1889 403 1939; x_wconf 84' lang='grc' dir='ltr'>ὅσῳ</span> <span class='ocrx_word' id='word_1_283' title='bbox 429 1893 582 1935; x_wconf 80' lang='grc' dir='ltr'>μᾶλλον</span> <span class='ocrx_word' id='word_1_284' title='bbox 611 1890 867 1940; x_wconf 66' lang='grc' dir='ltr'>ἀποκρούεταί</span> <span class='ocrx_word' id='word_1_285' title='bbox 894 1906 949 1930; x_wconf 86' lang='grc' dir='ltr'>τις</span> <span class='ocrx_word' id='word_1_286' title='bbox 977 1893 1106 1939; x_wconf 85' lang='grc' dir='ltr'>αὐτόν,</span> <span class='ocrx_word' id='word_1_287' title='bbox 1129 1893 1302 1940; x_wconf 81' lang='grc' dir='ltr'>τοσούτῳ</span> <span class='ocrx_word' id='word_1_288' title='bbox 1329 1890 1481 1936; x_wconf 80' lang='grc' dir='ltr'>μᾶλλον</span> <span class='ocrx_word' id='word_1_289' title='bbox 1512 1892 1612 1929; x_wconf 84' lang='grc' dir='ltr'>νεύει</span> 
     </span>
     <span class='ocr_line' id='line_1_29' title="bbox 140 1942 1611 1992; baseline 0 -10"><span class='ocrx_word' id='word_1_290' title='bbox 140 1944 203 1992; x_wconf 86' lang='grc' dir='ltr'>ἐφ’</span> <span class='ocrx_word' id='word_1_291' title='bbox 232 1946 252 1982; x_wconf 92' lang='grc' dir='ltr'>ὃ</span> <span class='ocrx_word' id='word_1_292' title='bbox 281 1946 463 1992; x_wconf 82' lang='grc' dir='ltr'>πέφυκεν.</span> <span class='ocrx_word' id='word_1_293' title='bbox 522 1943 634 1983; x_wconf 83' lang='lat' dir='ltr'>Such</span> <span class='ocrx_word' id='word_1_294' title='bbox 653 1956 678 1982; x_wconf 86' lang='lat' dir='ltr'>a</span> <span class='ocrx_word' id='word_1_295' title='bbox 707 1942 846 1992; x_wconf 75' lang='grc' dir='ltr'>εὐφυής</span> <span class='ocrx_word' id='word_1_296' title='bbox 874 1956 957 1982; x_wconf 81' lang='lat' dir='ltr'>was</span> <span class='ocrx_word' id='word_1_297' title='bbox 986 1944 1047 1982; x_wconf 92' lang='lat' dir='ltr'>Pl.</span> <span class='ocrx_word' id='word_1_298' title='bbox 1104 1943 1348 1992; x_wconf 78' lang='lat' dir='ltr'>Advantage</span> <span class='ocrx_word' id='word_1_299' title='bbox 1381 1943 1426 1982; x_wconf 84' lang='lat' dir='ltr'>of</span> <span class='ocrx_word' id='word_1_300' title='bbox 1457 1943 1611 1991; x_wconf 79' lang='lat' dir='ltr'>Setting</span> 
     </span>
     <span class='ocr_line' id='line_1_30' title="bbox 139 1995 1611 2046; baseline 0.001 -12"><span class='ocrx_word' id='word_1_301' title='bbox 139 1995 278 2034; x_wconf 88' lang='lat' dir='ltr'>before</span> <span class='ocrx_word' id='word_1_302' title='bbox 308 2008 386 2035; x_wconf 85' lang='lat' dir='ltr'>one</span> <span class='ocrx_word' id='word_1_303' title='bbox 425 2008 539 2034; x_wconf 86' lang='lat' dir='ltr'>some</span> <span class='ocrx_word' id='word_1_304' title='bbox 575 2008 676 2034; x_wconf 85' lang='lat' dir='ltr'>man</span> <span class='ocrx_word' id='word_1_305' title='bbox 714 1997 757 2034; x_wconf 76' lang='lat' dir='ltr'>of</span> <span class='ocrx_word' id='word_1_306' title='bbox 792 1997 897 2046; x_wconf 84' lang='lat' dir='ltr'>lofty</span> <span class='ocrx_word' id='word_1_307' title='bbox 934 1996 1079 2043; x_wconf 76' lang='lat' dir='ltr'>virtue,</span> <span class='ocrx_word' id='word_1_308' title='bbox 1119 2009 1164 2036; x_wconf 84' lang='lat' dir='ltr'>as</span> <span class='ocrx_word' id='word_1_309' title='bbox 1202 2009 1226 2035; x_wconf 84' lang='lat' dir='ltr'>a</span> <span class='ocrx_word' id='word_1_310' title='bbox 1263 2000 1429 2046; x_wconf 82' lang='lat' dir='ltr'>pattern</span> <span class='ocrx_word' id='word_1_311' title='bbox 1466 1996 1550 2035; x_wconf 84' lang='lat' dir='ltr'>and</span> <span class='ocrx_word' id='word_1_312' title='bbox 1586 2008 1611 2035; x_wconf 89' lang='lat' dir='ltr'><em>a</em></span> 
     </span>
     <span class='ocr_line' id='line_1_31' title="bbox 139 2048 1612 2099; baseline 0 -12"><span class='ocrx_word' id='word_1_313' title='bbox 139 2049 344 2098; x_wconf 82' lang='lat' dir='ltr'>guardian</span> <span class='ocrx_word' id='word_1_314' title='bbox 374 2049 468 2088; x_wconf 90' lang='lat' dir='ltr'>Sen.</span> <span class='ocrx_word' id='word_1_315' title='bbox 495 2061 558 2098; x_wconf 90' lang='lat' dir='ltr'>ep.</span> <span class='ocrx_word' id='word_1_316' title='bbox 587 2050 636 2087; x_wconf 93' lang='lat'>11</span> <span class='ocrx_word' id='word_1_317' title='bbox 664 2051 705 2097; x_wconf 58' lang='grc' dir='ltr'>ἐξ</span> <span class='ocrx_word' id='word_1_318' title='bbox 733 2050 877 2088; x_wconf 89' lang='grc'>8-10.</span> <span class='ocrx_word' id='word_1_319' title='bbox 936 2051 984 2088; x_wconf 83' lang='grc'>25</span> <span class='ocrx_word' id='word_1_320' title='bbox 1014 2052 1055 2099; x_wconf 67' lang='grc' dir='ltr'>ἓξ</span> <span class='ocrx_word' id='word_1_321' title='bbox 1084 2050 1106 2089; x_wconf 88' lang='grc'><em>5</em></span> <span class='ocrx_word' id='word_1_322' title='bbox 1136 2051 1174 2090; x_wconf 87' lang='grc'>6.</span> <span class='ocrx_word' id='word_1_323' title='bbox 1230 2050 1294 2099; x_wconf 85' lang='lat' dir='ltr'>By</span> <span class='ocrx_word' id='word_1_324' title='bbox 1313 2049 1512 2099; x_wconf 76' lang='lat' dir='ltr'>studying</span> <span class='ocrx_word' id='word_1_325' title='bbox 1538 2048 1612 2088; x_wconf 82' lang='lat' dir='ltr'>the</span> 
     </span>
     <span class='ocr_line' id='line_1_32' title="bbox 140 2101 1609 2151; baseline 0.001 -11"><span class='ocrx_word' id='word_1_326' title='bbox 140 2101 245 2141; x_wconf 85' lang='lat' dir='ltr'>lives</span> <span class='ocrx_word' id='word_1_327' title='bbox 272 2102 318 2140; x_wconf 87' lang='lat' dir='ltr'>of</span> <span class='ocrx_word' id='word_1_328' title='bbox 342 2102 414 2140; x_wconf 78' lang='lat' dir='ltr'>the</span> <span class='ocrx_word' id='word_1_329' title='bbox 441 2101 630 2141; x_wconf 73' lang='lat' dir='ltr'>virtuous</span> <span class='ocrx_word' id='word_1_330' title='bbox 659 2115 718 2141; x_wconf 86' lang='lat' dir='ltr'>we</span> <span class='ocrx_word' id='word_1_331' title='bbox 737 2103 845 2140; x_wconf 86' lang='lat' dir='ltr'>form</span> <span class='ocrx_word' id='word_1_332' title='bbox 877 2102 949 2141; x_wconf 80' lang='lat' dir='ltr'>the</span> <span class='ocrx_word' id='word_1_333' title='bbox 981 2102 1075 2141; x_wconf 82' lang='lat' dir='ltr'>idea</span> <span class='ocrx_word' id='word_1_334' title='bbox 1099 2103 1141 2141; x_wconf 78' lang='lat' dir='ltr'>of</span> <span class='ocrx_word' id='word_1_335' title='bbox 1167 2103 1302 2142; x_wconf 75' lang='lat' dir='ltr'>virtue</span> <span class='ocrx_word' id='word_1_336' title='bbox 1334 2103 1391 2141; x_wconf 90' lang='lat' dir='ltr'>ib.</span> <span class='ocrx_word' id='word_1_337' title='bbox 1414 2103 1491 2141; x_wconf 86' lang='lat'>120</span> <span class='ocrx_word' id='word_1_338' title='bbox 1509 2105 1552 2151; x_wconf 65' lang='grc' dir='ltr'>ἓξ</span> <span class='ocrx_word' id='word_1_339' title='bbox 1573 2103 1609 2141; x_wconf 91' lang='grc'>1.</span> 
     </span>
     <span class='ocr_line' id='line_1_33' title="bbox 143 2155 1612 2204; baseline 0.001 -12"><span class='ocrx_word' id='word_1_340' title='bbox 143 2155 287 2193; x_wconf 88' lang='grc'>5-12.</span> <span class='ocrx_word' id='word_1_341' title='bbox 341 2155 432 2193; x_wconf 85' lang='lat' dir='ltr'>Iuv.</span> <span class='ocrx_word' id='word_1_342' title='bbox 465 2166 537 2193; x_wconf 84' lang='lat' dir='ltr'>x1v</span> <span class='ocrx_word' id='word_1_343' title='bbox 561 2157 611 2194; x_wconf 86' lang='lat'>49</span> <span class='ocrx_word' id='word_1_344' title='bbox 644 2167 686 2193; x_wconf 92' lang='lat' dir='ltr'>n.</span> <span class='ocrx_word' id='word_1_345' title='bbox 743 2156 966 2194; x_wconf 85' lang='lat' dir='ltr'>Musonius</span> <span class='ocrx_word' id='word_1_346' title='bbox 999 2156 1148 2204; x_wconf 72' lang='lat' dir='ltr'>taughiz</span> <span class='ocrx_word' id='word_1_347' title='bbox 1179 2156 1273 2194; x_wconf 79' lang='lat' dir='ltr'>that</span> <span class='ocrx_word' id='word_1_348' title='bbox 1305 2167 1521 2194; x_wconf 74' lang='lat' dir='ltr'>reverence</span> <span class='ocrx_word' id='word_1_349' title='bbox 1548 2155 1612 2193; x_wconf 89' lang='lat' dir='ltr'>for</span> 
     </span>
     <span class='ocr_line' id='line_1_34' title="bbox 143 2206 1612 2258; baseline 0 -12"><span class='ocrx_word' id='word_1_350' title='bbox 143 2206 248 2246; x_wconf 82' lang='lat' dir='ltr'>such</span> <span class='ocrx_word' id='word_1_351' title='bbox 266 2219 323 2246; x_wconf 84' lang='lat' dir='ltr'>an</span> <span class='ocrx_word' id='word_1_352' title='bbox 340 2208 550 2257; x_wconf 82' lang='lat' dir='ltr'>exemplar</span> <span class='ocrx_word' id='word_1_353' title='bbox 568 2208 652 2246; x_wconf 80' lang='lat' dir='ltr'>wiH</span> <span class='ocrx_word' id='word_1_354' title='bbox 672 2208 734 2246; x_wconf 88' lang='lat' dir='ltr'>fill</span> <span class='ocrx_word' id='word_1_355' title='bbox 758 2208 826 2247; x_wconf 85' lang='lat' dir='ltr'>his</span> <span class='ocrx_word' id='word_1_356' title='bbox 844 2209 1026 2255; x_wconf 84' lang='lat' dir='ltr'>hearers,</span> <span class='ocrx_word' id='word_1_357' title='bbox 1046 2209 1129 2247; x_wconf 84' lang='lat' dir='ltr'>like</span> <span class='ocrx_word' id='word_1_358' title='bbox 1148 2208 1220 2248; x_wconf 83' lang='lat' dir='ltr'>the</span> <span class='ocrx_word' id='word_1_359' title='bbox 1242 2208 1439 2258; x_wconf 84' lang='lat' dir='ltr'>publiean</span> <span class='ocrx_word' id='word_1_360' title='bbox 1466 2208 1512 2246; x_wconf 88' lang='lat' dir='ltr'>in</span> <span class='ocrx_word' id='word_1_361' title='bbox 1539 2207 1612 2247; x_wconf 77' lang='lat' dir='ltr'>the</span> 
     </span>
     <span class='ocr_line' id='line_1_35' title="bbox 142 2259 1610 2311; baseline 0.001 -14"><span class='ocrx_word' id='word_1_362' title='bbox 142 2259 324 2309; x_wconf 84' lang='lat' dir='ltr'>parable,</span> <span class='ocrx_word' id='word_1_363' title='bbox 352 2260 455 2298; x_wconf 83' lang='lat' dir='ltr'>with</span> <span class='ocrx_word' id='word_1_364' title='bbox 483 2260 628 2299; x_wconf 83' lang='lat' dir='ltr'>shame</span> <span class='ocrx_word' id='word_1_365' title='bbox 655 2261 738 2300; x_wconf 83' lang='lat' dir='ltr'>and</span> <span class='ocrx_word' id='word_1_366' title='bbox 764 2265 1015 2310; x_wconf 83' lang='lat' dir='ltr'>repentanee</span> <span class='ocrx_word' id='word_1_367' title='bbox 1044 2262 1147 2302; x_wconf 82' lang='lat' dir='ltr'>Gen.</span> <span class='ocrx_word' id='word_1_368' title='bbox 1171 2275 1198 2300; x_wconf 86' lang='lat' dir='ltr'>v</span> <span class='ocrx_word' id='word_1_369' title='bbox 1218 2263 1239 2299; x_wconf 94' lang='lat'>1</span> <span class='ocrx_word' id='word_1_370' title='bbox 1260 2274 1333 2311; x_wconf 84' lang='lat' dir='ltr'>e.g.</span> <span class='ocrx_word' id='word_1_371' title='bbox 1357 2263 1378 2309; x_wconf 67' lang='grc' dir='ltr'>ξ</span> <span class='ocrx_word' id='word_1_372' title='bbox 1398 2263 1420 2299; x_wconf 90' lang='grc'><strong>2</strong></span> <span class='ocrx_word' id='word_1_373' title='bbox 1452 2262 1610 2299; x_wconf 80' lang='lat' dir='ltr'>animus</span> 
     </span>
     <span class='ocr_line' id='line_1_36' title="bbox 144 2313 1614 2364; baseline 0.001 -14"><span class='ocrx_word' id='word_1_374' title='bbox 144 2313 349 2351; x_wconf 80' lang='lat' dir='ltr'>audientis</span> <span class='ocrx_word' id='word_1_375' title='bbox 379 2315 675 2363; x_wconf 77' lang='lat' dir='ltr'>philosophum,</span> <span class='ocrx_word' id='word_1_376' title='bbox 707 2327 795 2352; x_wconf 86' lang='lat' dir='ltr'>cum</span> <span class='ocrx_word' id='word_1_377' title='bbox 824 2327 926 2364; x_wconf 84' lang='lat' dir='ltr'><em>quae</em></span> <span class='ocrx_word' id='word_1_378' title='bbox 961 2316 1153 2354; x_wconf 77' lang='lat' dir='ltr'>dicuntur</span> <span class='ocrx_word' id='word_1_379' title='bbox 1186 2315 1311 2353; x_wconf 84' lang='lat' dir='ltr'>utilia</span> <span class='ocrx_word' id='word_1_380' title='bbox 1348 2327 1396 2353; x_wconf 91' lang='lat' dir='ltr'>ac</span> <span class='ocrx_word' id='word_1_381' title='bbox 1430 2315 1614 2353; x_wconf 79' lang='lat' dir='ltr'>salubria</span> 
     </span>
     <span class='ocr_line' id='line_1_37' title="bbox 142 2368 1613 2416; baseline 0.001 -13"><span class='ocrx_word' id='word_1_382' title='bbox 142 2371 238 2404; x_wconf 83' lang='lat' dir='ltr'>sunt</span> <span class='ocrx_word' id='word_1_383' title='bbox 265 2371 304 2404; x_wconf 83' lang='lat' dir='ltr'><em>et</em></span> <span class='ocrx_word' id='word_1_384' title='bbox 332 2378 508 2404; x_wconf 80' lang='lat' dir='ltr'>errorum</span> <span class='ocrx_word' id='word_1_385' title='bbox 535 2372 655 2415; x_wconf 80' lang='lat' dir='ltr'><em>atque</em></span> <span class='ocrx_word' id='word_1_386' title='bbox 682 2369 880 2406; x_wconf 80' lang='lat' dir='ltr'>uitiorum</span> <span class='ocrx_word' id='word_1_387' title='bbox 905 2369 1127 2406; x_wconf 74' lang='lat' dir='ltr'>medicinas·</span> <span class='ocrx_word' id='word_1_388' title='bbox 1148 2368 1305 2416; x_wconf 79' lang='lat' dir='ltr'>ferunt,</span> <span class='ocrx_word' id='word_1_389' title='bbox 1344 2369 1613 2405; x_wconf 75' lang='lat' dir='ltr'><em>laxamentum</em></span> 
     </span>
     <span class='ocr_line' id='line_1_38' title="bbox 144 2419 1612 2470; baseline 0.001 -14"><span class='ocrx_word' id='word_1_390' title='bbox 144 2423 263 2467; x_wconf 80' lang='lat' dir='ltr'><em>atque</em></span> <span class='ocrx_word' id='word_1_391' title='bbox 291 2419 418 2456; x_wconf 80' lang='lat' dir='ltr'>otium</span> <span class='ocrx_word' id='word_1_392' title='bbox 437 2420 599 2468; x_wconf 78' lang='lat' dir='ltr'>prolixe</span> <span class='ocrx_word' id='word_1_393' title='bbox 621 2421 866 2470; x_wconf 80' lang='lat' dir='ltr'>profuseque</span> <span class='ocrx_word' id='word_1_394' title='bbox 896 2422 1094 2459; x_wconf 83' lang='lat' dir='ltr'>laudandi</span> <span class='ocrx_word' id='word_1_395' title='bbox 1121 2433 1202 2458; x_wconf 65' lang='lat' dir='ltr'>‘non</span> <span class='ocrx_word' id='word_1_396' title='bbox 1231 2421 1361 2460; x_wconf 83' lang='lat' dir='ltr'><em>habet.</em></span> <span class='ocrx_word' id='word_1_397' title='bbox 1420 2421 1482 2467; x_wconf 73' lang='lat'>§3</span> <span class='ocrx_word' id='word_1_398' title='bbox 1504 2420 1612 2468; x_wconf 79' lang='lat' dir='ltr'>quis·</span> 
     </span>
     <span class='ocr_line' id='line_1_39' title="bbox 143 2472 1615 2522; baseline 0.002 -14"><span class='ocrx_word' id='word_1_399' title='bbox 143 2472 237 2519; x_wconf 76' lang='lat' dir='ltr'>quis</span> <span class='ocrx_word' id='word_1_400' title='bbox 256 2472 328 2509; x_wconf 85' lang='lat' dir='ltr'>ille</span> <span class='ocrx_word' id='word_1_401' title='bbox 348 2476 416 2518; x_wconf 80' lang='lat' dir='ltr'><em>est,</em></span> <span class='ocrx_word' id='word_1_402' title='bbox 442 2473 514 2520; x_wconf 80' lang='lat' dir='ltr'>qui</span> <span class='ocrx_word' id='word_1_403' title='bbox 532 2473 664 2517; x_wconf 73' lang='lat' dir='ltr'>audit,</span> <span class='ocrx_word' id='word_1_404' title='bbox 684 2474 767 2511; x_wconf 77' lang='lat' dir='ltr'>nisi</span> <span class='ocrx_word' id='word_1_405' title='bbox 786 2474 858 2511; x_wconf 88' lang='lat' dir='ltr'>ille</span> <span class='ocrx_word' id='word_1_406' title='bbox 878 2479 936 2511; x_wconf 77' lang='lat' dir='ltr'><em>est</em></span> <span class='ocrx_word' id='word_1_407' title='bbox 949 2475 1074 2522; x_wconf 77' lang='lat' dir='ltr'><em>plane</em></span> <span class='ocrx_word' id='word_1_408' title='bbox 1095 2474 1339 2522; x_wconf 79' lang='lat' dir='ltr'>deperditus,</span> <span class='ocrx_word' id='word_1_409' title='bbox 1356 2474 1465 2511; x_wconf 79' lang='lat' dir='ltr'>inter</span> <span class='ocrx_word' id='word_1_410' title='bbox 1483 2473 1615 2521; x_wconf 79' lang='lat' dir='ltr'>ipsam</span> 
     </span>
     <span class='ocr_line' id='line_1_40' title="bbox 137 2524 1614 2575; baseline 0.002 -15"><span class='ocrx_word' id='word_1_411' title='bbox 137 2524 374 2574; x_wconf 76' lang='lat' dir='ltr'>philosophi</span> <span class='ocrx_word' id='word_1_412' title='bbox 392 2525 611 2562; x_wconf 82' lang='lat' dir='ltr'>orationem</span> <span class='ocrx_word' id='word_1_413' title='bbox 629 2530 668 2563; x_wconf 85' lang='lat' dir='ltr'><em>et</em></span> <span class='ocrx_word' id='word_1_414' title='bbox 681 2527 964 2574; x_wconf 78' lang='lat' dir='ltr'><em>perhorrescat</em></span> <span class='ocrx_word' id='word_1_415' title='bbox 982 2537 1137 2564; x_wconf 80' lang='lat' dir='ltr'><em>necesse</em></span> <span class='ocrx_word' id='word_1_416' title='bbox 1158 2531 1217 2564; x_wconf 83' lang='lat' dir='ltr'><em>est</em></span> <span class='ocrx_word' id='word_1_417' title='bbox 1236 2531 1274 2564; x_wconf 84' lang='lat' dir='ltr'><em>et</em></span> <span class='ocrx_word' id='word_1_418' title='bbox 1286 2526 1444 2575; x_wconf 76' lang='lat' dir='ltr'>pudeat</span> <span class='ocrx_word' id='word_1_419' title='bbox 1465 2527 1614 2564; x_wconf 75' lang='lat' dir='ltr'>tacitus</span> 
     </span>
     <span class='ocr_line' id='line_1_41' title="bbox 144 2577 1616 2627; baseline 0.002 -14"><span class='ocrx_word' id='word_1_420' title='bbox 144 2581 184 2614; x_wconf 86' lang='lat' dir='ltr'><em>et</em></span> <span class='ocrx_word' id='word_1_421' title='bbox 197 2577 410 2625; x_wconf 80' lang='lat' dir='ltr'>paeniteat</span> <span class='ocrx_word' id='word_1_422' title='bbox 428 2582 467 2614; x_wconf 79' lang='lat' dir='ltr'><em>et</em></span> <span class='ocrx_word' id='word_1_423' title='bbox 483 2577 660 2625; x_wconf 73' lang='lat' dir='ltr'><em>yaudeat</em></span> <span class='ocrx_word' id='word_1_424' title='bbox 679 2583 718 2616; x_wconf 80' lang='lat' dir='ltr'><em>et</em></span> <span class='ocrx_word' id='word_1_425' title='bbox 737 2580 976 2618; x_wconf 81' lang='lat' dir='ltr'>admiretur.</span> <span class='ocrx_word' id='word_1_426' title='bbox 1034 2581 1055 2626; x_wconf 64' lang='grc' dir='ltr'>ἓ</span> <span class='ocrx_word' id='word_1_427' title='bbox 1076 2579 1100 2616; x_wconf 87' lang='grc'><strong><em>5</em></strong></span> <span class='ocrx_word' id='word_1_428' title='bbox 1128 2577 1182 2615; x_wconf 85' lang='lat' dir='ltr'>he</span> <span class='ocrx_word' id='word_1_429' title='bbox 1209 2578 1298 2617; x_wconf 85' lang='lat' dir='ltr'>also</span> <span class='ocrx_word' id='word_1_430' title='bbox 1318 2577 1408 2616; x_wconf 81' lang='lat' dir='ltr'>said</span> <span class='ocrx_word' id='word_1_431' title='bbox 1425 2590 1616 2627; x_wconf 74' lang='lat' dir='ltr'><em>maynam</em></span> 
     </span>
     <span class='ocr_line' id='line_1_42' title="bbox 145 2629 1613 2678; baseline 0.001 -12"><span class='ocrx_word' id='word_1_432' title='bbox 145 2629 306 2666; x_wconf 85' lang='lat' dir='ltr'><em>laudem</em></span> <span class='ocrx_word' id='word_1_433' title='bbox 323 2640 403 2667; x_wconf 77' lang='lat' dir='ltr'>non</span> <span class='ocrx_word' id='word_1_434' title='bbox 421 2629 555 2667; x_wconf 81' lang='lat' dir='ltr'><em>abesse</em></span> <span class='ocrx_word' id='word_1_435' title='bbox 575 2631 627 2668; x_wconf 88' lang='lat' dir='ltr'>ab</span> <span class='ocrx_word' id='word_1_436' title='bbox 653 2629 998 2677; x_wconf 80' lang='lat' dir='ltr'>admiratione,</span> <span class='ocrx_word' id='word_1_437' title='bbox 1023 2629 1410 2669; x_wconf 79' lang='lat' dir='ltr'>admirationem</span> <span class='ocrx_word' id='word_1_438' title='bbox 1435 2633 1613 2678; x_wconf 81' lang='lat' dir='ltr'>autem,</span> 
     </span>
     <span class='ocr_line' id='line_1_43' title="bbox 146 2681 1613 2734; baseline 0.002 -15"><span class='ocrx_word' id='word_1_439' title='bbox 146 2692 271 2730; x_wconf 82' lang='lat' dir='ltr'>quae</span> <span class='ocrx_word' id='word_1_440' title='bbox 297 2681 515 2721; x_wconf 81' lang='lat' dir='ltr'>maxima</span> <span class='ocrx_word' id='word_1_441' title='bbox 549 2686 639 2730; x_wconf 82' lang='lat' dir='ltr'><em>est,</em></span> <span class='ocrx_word' id='word_1_442' title='bbox 669 2695 768 2722; x_wconf 88' lang='lat' dir='ltr'>non</span> <span class='ocrx_word' id='word_1_443' title='bbox 801 2683 957 2724; x_wconf 82' lang='lat' dir='ltr'>uerba</span> <span class='ocrx_word' id='word_1_444' title='bbox 989 2695 1178 2734; x_wconf 79' lang='lat' dir='ltr'><em>parere,</em></span> <span class='ocrx_word' id='word_1_445' title='bbox 1216 2683 1298 2723; x_wconf 80' lang='lat' dir='ltr'>sed</span> <span class='ocrx_word' id='word_1_446' title='bbox 1327 2683 1613 2732; x_wconf 80' lang='lat' dir='ltr'>silentium3</span> 
     </span>
    </p>
   </div>
  </div>
 </body>
</html>
