1775 3010
128 272 198 320 26]
350 272 411 311 IN
448 271 643 312 PROSE.
699 272 760 311 IN
798 272 921 310 REM
957 271 1350 312 PRAESENTEM.
1527 271 1603 309 161

131 370 182 406 14
199 369 230 409 f.
255 371 298 407 οὐ
329 370 408 418 -γὰρ
440 365 527 407 τοὺς
557 366 692 407 αὐτοῦς
723 366 867 407 πάντες
895 366 1038 417 οἷ’-γουσι
1073 366 1194 407 θεούς.
1251 366 1336 405 Cic.
1361 369 1466 405 orat.
1487 368 1508 414 ἓ
1528 367 1605 406 189

131 434 214 470 seq.
236 421 287 460 de
306 433 366 459 or.
387 433 440 459 111
456 424 478 469 ξ
504 422 554 459 20
581 420 767 459 Ellendt.
825 433 977 459 comm.
999 433 1054 459 on
1077 420 1169 460 Liv.
1192 420 1323 470 praef.
1352 419 1446 459 init.
1463 422 1604 470 factu-

127 487 248 514 rusne
268 486 410 524 operae
422 475 604 523 pretium
630 475 719 513 sim.
779 485 824 511 1x
843 475 892 512 16
912 476 933 521 ἓ
953 475 977 514 9
1006 475 1157 512 clamor
1182 474 1366 512 sublatus
1393 479 1604 512 momento-

131 540 206 577 que
238 529 360 566 unius
395 528 528 566 horae.
588 527 691 575 Nep.
720 526 850 575 praef.
869 526 964 564 init.
991 540 1072 566 non
1101 527 1240 565 dubito
1261 527 1354 576 fore
1378 527 1605 575 plerosque,

130 582 279 620 Attice.
338 582 359 627 ἓ
379 581 402 617 3
421 592 491 618 nos
511 581 558 618 in
580 581 797 618 Graiorum
814 581 1038 618 uirtutibus
1058 581 1314 641 exponendis.
1372 578 1605 617 Fabricius-

129 631 521 735 Effiisg1(b1bhoth
539 633 635 672 Lat.
673 644 709 670 11
734 632 1098 673 389—391.Bath1
1124 635 1231 671 rom.
1249 631 1600 688 Literaturgesch.

131 698 165 724 n

210 759 306 797 1.12
325 771 373 797 m
391 771 483 797 REM
501 770 779 797 PRAESEXTEM
797 771 1043 797 PERDVCERE
1062 771 1090 797 x
1108 760 1132 797 8
1154 757 1233 812 (24)
1254 760 1275 807 ξ
1295 760 1318 797 3
1337 771 1444 798 nunc
1462 759 1607 798 uideor

133 813 443 852 commodissime
466 825 584 862 posse
612 813 664 850 in
692 825 793 850 rem
820 815 1144 861 praesentem
1172 825 1392 851 excurrere.
1449 813 1499 851 61
1521 811 1604 863 (69)

133 879 203 915 eqo
230 865 285 904 in
311 877 362 904 re
390 865 652 915 praesenti
681 866 753 915 [on
772 865 847 903 the
873 867 984 915 spot]
1013 867 1217 904 inuenisse
1245 867 1388 904 uideor
1412 878 1527 915 quem
1552 867 1608 904 ad

132 920 292 957 modum
319 921 414 958 huic
437 920 622 968 periculo
652 931 911 958 occurrerem.
970 919 1064 958 Sen.
1090 918 1140 956 de
1159 919 1209 957 ir.
1231 930 1267 956 11
1286 919 1336 958 36
1356 921 1377 967 ἓ
1398 919 1421 957 1
1445 920 1607 968 quibus-

135 974 240 1020 dam,
269 977 316 1010 ut
335 975 398 1010 ait
419 973 598 1018 Sextius,
622 973 746 1010 iratis
759 973 921 1022 prof-ait
940 973 1172 1021 adspexisse
1190 973 1420 1022 speculum
1445 978 1607 1022 pertur-

135 1026 251 1063 banit
270 1027 362 1064 illos
384 1031 502 1064 tanta
520 1027 693 1063 mutatio
711 1028 790 1064 sui.
845 1026 959 1063 uelut
977 1025 1030 1063 in
1057 1037 1159 1063 rem
1186 1027 1505 1074 praesentem
1532 1025 1607 1063 ad-

135 1077 274 1117 ducti
299 1091 380 1118 ‘non
412 1084 667 1126 aynouerunt
697 1091 753 1117 se.
808 1090 870 1127 ep.
894 1079 917 1117 6
943 1079 1007 1127 §5
1029 1080 1126 1128 plus
1162 1083 1297 1117 tamen
1330 1080 1405 1117 tibi
1440 1083 1479 1116 et
1506 1080 1611 1116 uina

133 1144 215 1170 uox
234 1137 273 1170 et
291 1133 501 1171 conuictus
520 1144 644 1182 quam
668 1133 801 1170 oratio
821 1132 1024 1181 proderit.
1078 1132 1131 1169 in
1157 1143 1260 1170 rem
1287 1134 1609 1180 praesentem

133 1186 276 1224 uenias
305 1191 473 1234 oportet.
532 1185 584 1223 30
616 1187 636 1233 ἕ
663 1186 712 1223 15
752 1186 922 1223 libenter
955 1187 1066 1233 haec,
1099 1186 1156 1223 mi
1185 1186 1341 1230 Lucili,
1377 1186 1501 1224 audio
1531 1197 1612 1224 non

137 1244 344 1288 tamquam
371 1251 494 1284 noua,
527 1239 596 1276 sed
627 1241 882 1287 tamquam
915 1237 969 1276 in
998 1250 1101 1276 rem
1133 1239 1466 1287 praesentem
1506 1250 1609 1287 per-

135 1291 334 1331 ductus.
395 1292 444 1331 59
473 1292 538 1340 §6
569 1291 627 1340 (of
653 1291 727 1330 the
755 1291 958 1343 ancients)
988 1293 1069 1337 illi,
1100 1293 1173 1341 qni
1200 1293 1444 1341 simpliciter
1475 1297 1514 1330 et
1547 1292 1610 1330 de-

136 1345 420 1384 monstrandae
440 1346 502 1383 rei
521 1357 647 1383 causa
666 1346 969 1394 eloquebantur,
984 1346 1196 1394 parabolis
1216 1346 1358 1395 referti
1376 1350 1483 1393 sunt,
1508 1357 1610 1394 quas

136 1400 319 1437 existimo
337 1399 698 1442 necessarias‚...ut
716 1399 1001 1436 inbecillitatis
1020 1404 1179 1436 nostrae
1199 1400 1453 1437 adminicula
1471 1400 1555 1436 sint
1574 1404 1613 1436 et

136 1456 183 1489 ut
219 1452 438 1489 discentem
469 1457 508 1490 ct
540 1453 771 1489 audientem
803 1450 855 1489 in
892 1463 994 1489 rem
1033 1454 1354 1500 praesentem
1386 1453 1610 1489 adducant.

137 1505 188 1544 66
208 1507 229 1553 §5
249 1505 297 1543 35
318 1516 588 1544 senszes...non
602 1510 735 1554 potest
752 1506 865 1555 ferre
885 1507 1138 1551 sententiam,
1158 1506 1242 1543 nisi
1269 1504 1322 1542 in
1349 1516 1450 1543 rem
1478 1516 1611 1553 prae-

139 1560 331 1596 sentem
358 1557 633 1606 perductus
662 1561 748 1597 est.
809 1558 859 1597 98
880 1560 900 1606 ξ
921 1559 970 1596 18
999 1559 1101 1607 quid
1132 1570 1228 1607 opus
1258 1563 1316 1596 est
1339 1559 1505 1596 uerbis.²
1561 1557 1613 1595 in

136 1622 240 1649 rem
266 1613 591 1659 praesentem
619 1623 769 1649 eamus.
825 1610 971 1660 fragm.
997 1613 1047 1651 91
1067 1611 1210 1648 Haase
1236 1612 1423 1660 quisquis
1451 1623 1494 1649 re
1523 1623 1613 1649 con·

136 1665 248 1702 suita
264 1666 516 1702 ri<xantes>
535 1666 762 1712 contrahat,
782 1665 1006 1713 plurimum
1025 1666 1154 1714 operis
1168 1665 1294 1714 facit,
1314 1666 1416 1703 <si>
1435 1663 1486 1701 in
1508 1675 1611 1701 rem

137 1719 457 1767 praesentem
485 1717 724 1765 perducat
753 1719 937 1755 amicum.
993 1717 1076 1755 Cic.
1099 1717 1168 1755 off.
1189 1728 1207 1755 1
1225 1719 1246 1765 ξ
1266 1718 1316 1755 32
1336 1716 1364 1755 1.
1385 1717 1409 1754 8
1429 1716 1611 1754 Holden.

139 1770 315 1819 Quintil.
336 1782 381 1808 IV
398 1772 422 1808 2
445 1772 465 1818 ἓ
484 1772 559 1808 123
579 1772 748 1808 multum
766 1773 919 1820 confert
943 1771 1105 1809 adiecta
1124 1773 1233 1809 ueris
1253 1771 1462 1809 credibilis
1481 1783 1614 1808 rerum

138 1825 286 1872 imago,
312 1836 412 1874 quae
433 1825 546 1862 uelut
565 1823 614 1861 in
634 1835 737 1861 rem
765 1826 1084 1871 praesentem
1112 1823 1383 1872 perducere
1404 1824 1612 1862 audientis

137 1878 317 1915 uidetur.
374 1877 486 1916 Tert.
512 1877 639 1914 Marc.
661 1888 715 1914 111
740 1878 787 1916 17
809 1876 838 1914 f.
895 1877 1056 1927 [Cypra]
1085 1876 1136 1915 de
1165 1876 1275 1915 bono
1302 1876 1475 1926 pudicit.
1501 1878 1525 1915 8
1544 1888 1606 1925 pr.

137 1931 210 1968 sed
244 1931 345 1980 quia
383 1931 615 1979 pudicitiae
656 1931 772 1969 nobis
811 1931 987 1968 breuiter
1022 1936 1116 1968 sunt
1159 1931 1345 1980 exposita
1374 1936 1609 1980 praecepta,

139 1985 225 2021 iam
265 1984 496 2032 pudicitiae
537 1995 734 2032 ponamus
784 1985 1015 2033 exemplum.
1084 1984 1180 2033 plus
1229 1985 1337 2021 enim
1379 1984 1610 2034 proficitur,

139 2048 227 2074 cum
255 2035 306 2074 in
336 2048 435 2074 rem
462 2038 792 2085 praesentem
820 2037 1037 2075 uenitur.
1095 2037 1148 2074 111
1180 2035 1252 2075 the
1282 2036 1448 2074 famous
1477 2035 1544 2074 ch.
1572 2036 1618 2074 of

141 2088 302 2128 Gellius
320 2089 390 2141 (xx
410 2089 475 2140 10)
505 2089 738 2138 respecting
764 2091 992 2136 uindiciae,
1017 2101 1077 2128 we
1096 2102 1166 2128 are
1184 2089 1273 2127 told
1295 2089 1328 2142 (ἕ
1348 2089 1387 2141 8)
1415 2091 1613 2138 correptio

139 2154 282 2180 manus
310 2142 364 2180 in
390 2154 442 2180 re
470 2145 620 2191 atque
654 2143 707 2180 in
739 2142 849 2181 1000
877 2142 1139 2192 praesenti
1167 2144 1278 2192 apud
1303 2148 1533 2193 praetorem
1564 2155 1613 2180 ex

140 2196 349 2234 duodecim
367 2196 519 2234 tabulis
526 2197 672 2246 fiebat.
713 2195 789 2235 See
803 2196 1027 2234 Forcelh‘ni
1035 2208 1230 2245 praesens
1249 2208 1293 2234 n.
1309 2196 1359 2234 14
1375 2197 1423 2234 15
1441 2195 1616 2248 (several

141 2259 234 2286 exx.
263 2248 307 2286 of
332 2250 381 2287 in
405 2261 448 2287 re
470 2261 517 2298 p.
545 2249 656 2287 from
677 2249 801 2300 Liv.).
831 2249 914 2297 dig.
933 2261 1060 2287 xxx1x
1086 2251 1107 2286 1
1129 2250 1152 2287 5
1176 2251 1219 2297 ἕξ
1248 2250 1365 2287 2—4.
1433 2259 1506 2287 m
1536 2249 1560 2286 2
1591 2249 1614 2286 1

140 2303 162 2348 ἓ
194 2301 244 2338 21
280 2301 423 2350 bodily
459 2301 587 2340 touch
623 2305 699 2340 not
731 2302 901 2340 needful
934 2303 998 2340 for
1031 2302 1176 2351 taking
1212 2301 1463 2351 possession,
1504 2301 1539 2339 it
1574 2300 1614 2339 is

141 2353 310 2402 enough
335 2353 372 2391 is
394 2354 430 2392 it
456 2354 495 2392 is
524 2354 632 2393 done
659 2357 787 2394 oculis
816 2361 855 2394 et
883 2357 1034 2405 affectu
1044 2370 1059 2401 ;
1099 2355 1245 2405 pillars
1275 2354 1360 2393 and
1389 2355 1510 2394 other
1535 2354 1613 2392 im-

141 2406 356 2445 moveable
390 2406 538 2456 things
571 2419 640 2446 are
677 2408 885 2446 esteemed
920 2411 964 2447 to
1001 2408 1052 2447 be
1090 2407 1299 2446 delivered
1334 2419 1443 2453 over,
1475 2407 1511 2445 if
1540 2407 1615 2446 the

141 2459 299 2510 parties
330 2461 378 2498 in
404 2471 447 2498 re
471 2462 680 2509 praesenti
713 2463 998 2500 consenserint.
1056 2460 1188 2501 Other
1217 2473 1306 2499 cxx.
1334 2461 1444 2498 from
1463 2460 1547 2510 dig.
1567 2459 1615 2498 in

141 2512 321 2550 Dirksen
341 2512 426 2550 and
443 2512 631 2553 Brisson.
690 2514 752 2552 Pl.
775 2514 854 2552 has
878 2514 1036 2564 rightly
1061 2513 1284 2552 estimated
1308 2513 1381 2552 the
1406 2525 1546 2563 power
1572 2513 1620 2551 of

140 2565 210 2604 his
241 2565 504 2614 pieturesque
535 2565 710 2606 details:
742 2567 900 2606 thanks
929 2570 974 2605 to
1002 2567 1094 2605 him
1125 2579 1186 2605 we
1213 2566 1335 2605 know
1360 2566 1434 2606 the
1465 2566 1540 2605 life
1572 2567 1619 2604 of

140 2618 210 2657 his
235 2619 339 2657 time
367 2619 410 2656 at
434 2618 567 2657 Rome
588 2619 724 2658 better
749 2620 855 2659 than
881 2620 975 2658 that
995 2619 1040 2657 of
1063 2632 1146 2668 any
1165 2621 1309 2669 except
1328 2619 1484 2658 Cicero’
1489 2631 1522 2659 s.
1578 2619 1616 2658 A

142 2671 316 2722 parallel
330 2683 504 2720 passage
519 2683 581 2720 ep.
599 2684 627 2710 v
640 2673 664 2712 6
679 2675 721 2722 ἓξ
734 2673 905 2719 41-44,
926 2673 1062 2711 where
1080 2673 1143 2711 Pl.
1158 2671 1331 2711 defends
1350 2671 1423 2711 the
1440 2671 1616 2722 lengthy

143 2723 397 2774 description
415 2723 546 2764 ofhis
562 2723 663 2764 villa
681 2728 703 2774 ἕ
721 2726 774 2764 44
799 2737 907 2766 cum
931 2727 1090 2766 totam
1114 2725 1298 2766 uillam
1323 2725 1486 2766 oculis
1511 2726 1616 2766 tuis

276 2821 325 2855 M.
354 2821 394 2854 P.
1423 2808 1480 2855 11
