1775 3010
155 200 242 252 45]
301 233 305 237 .
355 200 601 241 HEBETO.
656 199 1040 240 VNIVERSITAS.
1094 198 1428 238 PRONVNTIO.
1546 198 1624 237 215

235 299 256 345 ξ
273 301 300 335 4
316 296 343 337 1.
369 298 421 335 14
443 298 492 335 15
521 308 806 334 HEBETENTVR
832 309 885 334 Er
903 307 1204 334 RETVNDANTVR
1231 307 1333 333 once
1352 293 1476 342 again
1495 293 1542 332 in
1560 305 1624 342 ep.

156 361 237 387 vlu
258 351 308 388 14
327 353 347 398 ξ
366 352 390 390 9
419 352 557 388 eadem
583 351 692 388 mala
721 351 806 388 iam
831 356 1048 395 senatores,
1071 351 1155 387 iam
1176 350 1401 398 participes
1428 348 1627 385 malornm

158 404 302 441 ‘multos
325 416 402 452 per
427 415 551 440 annos
578 404 757 440 uidimus
787 405 1044 451 tulimusque,
1069 403 1212 450 quibus
1237 402 1405 449 ingenia
1423 406 1563 438 nostra
1580 402 1627 437 in

149 462 356 505 posterum
383 468 535 504 quoque
562 454 803 493 hebetata
822 457 966 504 fracta
994 461 1160 493 contusa
1181 460 1285 493 sunt.
1345 465 1443 502 pan.
1472 455 1521 491 18
1550 455 1571 500 ἓ
1598 454 1622 490 3

154 510 314 556 yladios
345 511 471 546 etiam
497 509 661 546 incuria
690 507 923 546 hebetari
961 507 1238 556 retundique
1270 507 1517 555 qaudebant.
1574 505 1626 544 ΤΟ

154 563 218 609 §5
251 561 385 599 adhuc
414 566 548 598 autem
579 562 800 609 quamlibet
827 563 986 599 sincera
1018 567 1205 609 rectaque
1230 561 1409 608 ingenia,
1440 560 1515 596 etsi
1547 570 1627 596 non

155 615 427 663 detorquebat,
443 613 716 652 hebetabat
735 620 867 651 tamen
886 616 1045 658 misera,
1065 615 1135 651 sed
1154 625 1253 651 uera
1272 613 1474 661 reputatio
1489 612 1623 648 ‘uides

155 669 283 706 enim:
311 668 349 704 si
369 668 468 714 quid
489 669 580 704 bene
598 668 746 716 fecero,
776 668 876 704 sciet
905 668 1084 704 Caesar.2
1109 673 1183 704 aut
1208 668 1245 703 si
1275 667 1426 712 scierit,
1453 665 1626 702 testimo-

153 721 268 757 nium
294 719 484 757 reddet?’
545 720 640 757 Sen.
672 720 793 756 clem.
823 731 839 756 1
870 720 890 756 1
923 721 988 766 §2
1028 718 1264 757 hebetare
1300 719 1428 756 aciem
1463 717 1627 766 imperii

153 773 231 812 sui.
290 772 430 810 Amm.
460 784 539 809 xxx
568 774 588 809 1
619 773 707 819 §16
733 771 1006 810 hebetatae
1029 774 1162 820 primo
1190 773 1376 820 adpetitu
1403 775 1626 808 uenenatae

153 831 365 874 serpentes.
422 837 519 863 XXXI
553 826 577 862 2
614 826 679 872 §2
705 831 749 863 ut
783 826 960 874 pilorum
989 826 1106 873 uiqor
1138 825 1394 872 tempestiuus
1427 834 1626 871 emerqens

154 880 386 928 conruqatis
412 880 672 917 cicatricibus
700 877 982 916 hebetetur.
1040 877 1089 915 10
1119 880 1138 925 ξ
1167 878 1216 914 18
1243 889 1303 925 pr.
1341 878 1625 919 uictoriam...‚

154 944 259 980 quae
295 937 430 980 ¹qentes
467 931 729 969 hebetauit
766 932 968 969 occiduas.
1028 930 1186 978 Symm.
1219 942 1282 978 ep.
1315 941 1367 966 111
1402 929 1425 967 6
1454 941 1510 967 an
1542 929 1627 966 dics

155 985 276 1032 lonqa
309 984 545 1033 quandoque
582 983 785 1022 hebetet
819 985 1003 1022 laxatum
1040 984 1223 1021 dolorem.
1281 993 1324 1020 Π
1356 982 1405 1021 72
1433 982 1627 1019 studium.

154 1048 197 1075 vr
214 1037 280 1075 45.
335 1048 638 1074 RETVNDANTVR
660 1036 834 1085 Quintil.
854 1049 881 1074 x
900 1038 923 1075 5
944 1039 964 1084 ξ
986 1036 1035 1074 16
1054 1048 1096 1074 n.

232 1131 261 1169 1.
292 1131 340 1169 15
370 1143 523 1168 Evam
551 1142 896 1174 ExroRQvEMQVE
926 1133 1022 1168 torn
1050 1128 1134 1168 and
1152 1126 1368 1166 wrenched
1396 1130 1482 1166 out.
1541 1126 1626 1165 Cic.

156 1184 320 1222 Cluent.
353 1186 374 1232 ἓ
409 1185 484 1222 152
513 1184 540 1223 f.
580 1185 648 1222 hoc
685 1190 791 1222 metu
823 1185 1030 1232 proposito
1068 1182 1284 1221 euellere
1323 1194 1364 1220 se
1401 1179 1629 1219 aculeum

157 1237 458 1276 seueritatis
478 1240 678 1275 uestrae
692 1250 808 1286 posse
828 1237 1045 1286 confidunt.
1103 1236 1257 1273 Conrn.

233 1327 254 1373 ἓ
274 1330 297 1363 5
315 1324 342 1364 1.
369 1325 418 1363 16
437 1335 521 1362 Nox
542 1336 714 1362 TEMERE
735 1325 758 1364 9
775 1326 872 1372 §28.
927 1335 983 1361 DE
1003 1334 1300 1362 VNIVERSITATE
1321 1334 1338 1360 1
1356 1324 1380 1360 8
1400 1323 1418 1370 ξ
1437 1323 1460 1360 3
1485 1320 1546 1370 (of
1560 1320 1628 1359 his

157 1377 305 1426 speech
325 1390 379 1415 on
397 1377 469 1415 the
488 1377 724 1415 dedication
743 1378 786 1415 of
811 1390 836 1415 a
855 1377 995 1425 public
1019 1377 1187 1428 library)
1217 1378 1376 1414 memini
1402 1376 1563 1424 quidem
1592 1381 1628 1412 te

156 1433 241 1469 iam
269 1431 466 1479 quaedam
494 1431 720 1477 adnotasse,
751 1432 821 1468 sed
849 1430 1180 1479 generaliter:
1211 1431 1300 1467 ideo
1328 1441 1434 1466 nunc
1461 1440 1554 1476 roqo
1582 1433 1630 1465 ut

155 1497 235 1522 non.
257 1489 414 1522 tantum
441 1483 782 1521 uniuersitati
810 1485 895 1521 eius
924 1484 1134 1529 adtendas,
1158 1494 1297 1520 uerum
1325 1483 1447 1520 etiam
1474 1480 1627 1528 parti-

157 1537 298 1576 culas
317 1549 398 1585 qua
416 1537 514 1574 soles
536 1538 633 1574 lima
654 1538 927 1585 persequaris.
993 1548 1026 1573 11
1047 1537 1070 1574 5
1091 1537 1110 1582 ς
1131 1536 1154 1574 6
1176 1534 1236 1584 (of
1261 1547 1286 1572 a
1306 1533 1470 1585 speech)
1491 1535 1630 1572 adnisi

158 1596 262 1629 certe
292 1602 425 1627 sumus
455 1595 501 1627 ut
534 1591 755 1638 quamlibet
788 1591 951 1627 diuersa
984 1601 1130 1636 aenei-a
1165 1590 1354 1626 lectorum
1385 1599 1461 1636 per
1490 1588 1629 1635 plures

158 1643 320 1681 dicendi
348 1643 499 1691 species
529 1648 758 1689 teneremus,
791 1644 812 1690 ἓ
842 1645 863 1682 7
893 1655 941 1680 ac
967 1643 1074 1679 sicut
1102 1653 1285 1679 ueremur
1312 1652 1360 1678 ne
1391 1640 1632 1689 quibusdam

152 1707 253 1746 pars
271 1697 417 1745 aliqua
435 1696 652 1733 secundum
677 1708 791 1732 suam
819 1697 1011 1744 cuiusque
1032 1700 1222 1732 naturam
1240 1706 1319 1732 non
1344 1694 1546 1742 probetur,
1568 1694 1631 1730 ita

158 1749 344 1786 uidemur
365 1761 482 1797 posse
511 1749 706 1798 confidere
735 1754 780 1785 ut
813 1747 1204 1785 uniuersitatem
1236 1748 1413 1784 omnibus
1447 1747 1631 1783 uarietas

159 1802 251 1850 ipsa
280 1802 534 1839 commendet.
591 1813 635 1838 1x
660 1802 685 1838 4
710 1803 728 1848 ἓ
755 1803 778 1838 2
804 1803 957 1849 poteris
983 1802 1124 1848 iqitur,
1148 1800 1420 1848 undecumque
1442 1799 1629 1848 coeperis,

158 1855 396 1903 ubicumque
417 1855 596 1899 desieris,
618 1866 722 1903 quae
744 1855 928 1902 deinceps
947 1859 1161 1902 sequentur
1179 1859 1218 1891 et
1245 1855 1362 1901 quasi
1389 1853 1633 1901 incipientia

162 1908 290 1954 leqere
302 1913 340 1945 et
355 1909 473 1956 quasi
489 1908 748 1945 cohaerentia
769 1919 902 1955 meque
922 1908 968 1944 in
985 1905 1323 1944 uniuersitate
1344 1906 1632 1952 longissimum,

162 1961 440 1998 breuissimum
458 1961 502 1997 in
521 1959 757 2007 partibus
777 1960 974 1998 iudicare.
1031 1958 1122 1996 Add
1142 1962 1185 1997 to
1204 1958 1313 1996 lexx.
1337 1958 1397 2005 (in
1420 1957 1491 1995 the
1514 1969 1634 1995 sense

162 2012 208 2050 of
229 2013 440 2050 ‘universe
451 2012 473 2062 ')
497 2012 607 2050 Tert.
628 2018 754 2060 spect.
778 2014 842 2050 2f.
890 2012 1046 2051 Minue.
1072 2014 1121 2052 17
1141 2015 1161 2060 ξ
1182 2013 1216 2050 2.
1269 2012 1318 2049 18
1338 2014 1380 2058 §5
1400 2012 1423 2048 3
1444 2011 1479 2050 4.
1532 2011 1632 2047 Arn.

163 2077 199 2103 11
233 2067 295 2105 37.
345 2065 477 2105 Solin.
511 2066 532 2102 1
571 2068 591 2114 ξ
629 2066 693 2104 56.
741 2067 843 2113 Aug.
883 2065 954 2103 lib.
987 2064 1074 2102 arb.
1114 2077 1166 2102 111
1204 2065 1268 2102 40.
1328 2064 1440 2103 Hier.
1481 2074 1632 2101 comm.

163 2118 291 2156 Amos
310 2130 346 2156 c.
367 2120 392 2156 4
413 2119 476 2156 13.
523 2118 579 2169 (VI
602 2118 701 2156 28οὓ
728 2118 789 2157 ed.
814 2118 918 2156 Ven.
942 2118 1074 2169 1768).
1129 2118 1214 2156 Hil.
1240 2116 1338 2154 trin.
1359 2128 1376 2153 1
1401 2117 1478 2164 §4-
1533 2116 1632 2154 Pas-

163 2170 280 2209 chae.
310 2182 372 2219 ep.
411 2171 463 2209 ad
489 2171 666 2220 Eugipp.
709 2174 730 2219 ἓ
764 2173 787 2208 2
824 2173 1029 2209 ecclesiae.
1091 2181 1326 2208 Pnoxvxrlo
1359 2181 1385 2205 v
1413 2171 1435 2206 1
1466 2172 1487 2217 ξ
1519 2170 1544 2206 4
1575 2181 1632 2206 se·

165 2225 340 2262 cundum
366 2231 533 2262 matrem
564 2230 674 2262 tuam
702 2223 1086 2273 pronuntiandi.
1141 2235 1183 2261 VI
1212 2224 1260 2260 31
1294 2225 1314 2270 ἓ
1343 2223 1391 2259 12
1421 2235 1460 2260 se
1490 2223 1558 2259 uel
1586 2223 1633 2259 de

164 2277 371 2314 calumnia.
405 2277 867 2325 pronuntiaturum.
923 2289 950 2314 x
978 2277 1029 2316 60
1059 2277 1139 2324 (68)
1169 2276 1270 2325 quid
1298 2277 1345 2313 de
1373 2276 1447 2313 illo
1478 2275 1634 2312 Paulus

159 2330 377 2378 proconsul
411 2330 804 2377 pronuntiasset.
867 2329 978 2368 Tert.
1012 2329 1121 2378 apol.
1156 2331 1179 2366 2
1212 2341 1274 2377 pr.
1310 2329 1483 2377 quando,
1513 2329 1551 2365 si
1587 2329 1633 2365 ‹Ie

166 2382 307 2430 aliquo
328 2387 490 2420 nocente
516 2385 776 2431 coynoscatis,
795 2395 875 2421 non
901 2384 1042 2421 statim
1069 2383 1244 2431 confesso
1272 2394 1316 2420 eo
1342 2393 1482 2419 nomen
1512 2381 1634 2418 homi-

166 2435 282 2472 cidae
309 2435 377 2472 uel
401 2436 592 2483 sacrilegi
619 2437 687 2474 uel
712 2437 857 2474 incesti
884 2437 950 2473 uel
971 2436 1130 2484 publici
1164 2435 1301 2481 hostis,
1332 2440 1380 2472 ut
1411 2434 1458 2471 de
1486 2435 1635 2472 nostris

166 2488 310 2535 eloyiis
336 2488 492 2536 loquar,
518 2490 694 2526 contenti
716 2490 810 2526 sitis
837 2489 891 2526 ad
915 2486 1358 2537 pronuntiandum.
1414 2486 1470 2525 ib.
1495 2485 1569 2524 fin.
1590 2487 1637 2524 in

165 2541 282 2578 nobis
307 2541 406 2578 solis
429 2540 556 2588 pudet
583 2546 658 2579 aut
678 2543 795 2590 piqet
822 2543 923 2590 ipsis
951 2542 1177 2578 nominibus
1204 2541 1395 2578 scelerum
1421 2550 1635 2587 pronun·

166 2591 328 2631 tiare?
384 2592 469 2630 Cic.
491 2592 608 2631 Caes.
629 2593 743 2631 indd.
766 2594 880 2634 Curt.
904 2593 987 2631 and
1016 2593 1174 2641 Symm.
1195 2593 1333 2630 Amm.
1354 2604 1407 2629 xv
1433 2593 1457 2630 3
1486 2593 1507 2640 ἓ
1534 2592 1582 2629 11
1602 2591 1630 2631 f.

167 2644 493 2695 pronuntiati
519 2651 674 2685 uertere
702 2648 830 2685 solum
857 2648 996 2686 exilio.
1055 2646 1110 2686 So
1132 2645 1228 2685 Ital.
1248 2645 1316 2686 Fr.
1341 2644 1464 2694 Engl.
1515 2644 1636 2683 Com·
