1775 3010
141 251 217 290 166
387 249 693 290 DENVNTIO.
750 249 1000 289 POSTVLO
1036 248 1321 298 TAMQVAM.
1395 247 1607 299 [VHH29

139 343 355 382 alterum
383 340 773 381 accusatoribus
808 342 1010 380 tantum
1043 352 1329 379 concessum
1361 342 1450 380 est.
1507 341 1530 389 5
1557 339 1607 380 15

139 408 273 435 eorum
298 408 392 434 uero
421 394 600 443 quibus
625 393 971 442 denuntiatur,
1000 405 1115 443 pars
1140 393 1351 432 testium
1378 395 1453 432 est
1481 404 1608 442 quae

137 460 274 487 reum
310 448 509 486 laedere
545 448 660 494 uelit,
701 458 801 495 pars
844 459 946 496 quae
988 447 1132 484 nolit.
1206 448 1227 494 5
1266 448 1315 486 17
1351 447 1398 484 in
1434 458 1491 494 eo,
1532 446 1606 495 qui

138 513 278 540 uerum
305 500 503 539 inuitus
533 500 715 537 dicturus
745 504 815 544 est,
838 501 977 548 prima
1005 501 1195 549 felicitas
1224 500 1515 547 interrogantis
1542 511 1608 536 ex-

141 561 321 604 torquere
341 555 447 603 quod
464 554 500 591 is
518 553 705 590 noluerit.
758 551 846 589 The
865 551 1074 590 technical
1087 554 1194 589 term
1210 553 1448 590 denuntiare
1466 550 1607 603 (⁶0ite,’

144 606 391 651 ‘summon,’
414 610 549 643 ‘serve
569 616 593 642 a
614 604 742 656 writ')
763 603 799 642 is
819 604 923 642 used
942 616 959 642 1
979 605 1039 655 (as
1058 605 1105 642 in
1125 604 1300 652 Quintil.
1314 604 1357 642 11.
1373 604 1450 656 cc.)
1470 615 1506 642 c.
1520 603 1604 643 dat.

138 659 200 697 Pl.
217 671 260 697 VI
275 660 298 697 5
315 660 370 707 52
388 657 590 706 (Licinius
609 656 764 705 Nepos)
783 658 945 694 addidit
965 659 1089 695 etiam
1102 659 1318 706 petendum
1337 670 1363 694 α
1382 657 1608 695 consulibus

139 719 184 751 ut
202 714 399 762 referrent
412 712 484 749 sub
499 711 675 759 exemplo
692 711 789 758 leqz's
805 710 977 747 ambitus
997 709 1053 748 de
1072 709 1176 757 lege
1201 709 1604 758 repetundarum,

139 778 194 804 an
214 766 396 815 placeret
423 766 469 802 in
488 764 678 812 satarum
706 764 760 800 ad
787 775 873 800 eam
902 763 1022 810 legem
1049 764 1160 800 adici
1188 769 1246 807 ut,
1276 764 1382 800 sicut
1409 773 1609 800 accusa-

139 818 336 856 toribus
357 815 653 865 inquirendi
677 814 995 863 testibusque
1021 814 1357 853 denuntiandi
1382 817 1609 864 potestas

140 883 195 909 ex
222 882 276 908 ea
304 870 408 918 lege
437 872 581 916 esset,
605 870 669 906 ita
695 870 776 906 reis
805 880 959 917 quoque
978 869 1113 917 fieret.
1170 868 1251 907 Cic.
1276 868 1390 906 Verr.
1411 879 1446 905 11
1473 867 1563 915 512
1576 866 1605 906 f.

139 924 206 962 lex
229 922 417 961 Mamilia
444 922 597 974 (Bruns
624 921 761 959 fontes
787 920 863 960 iur.
896 921 1020 958 rom.³
1041 920 1146 972 106).
1198 932 1233 958 11
1257 920 1341 959 abs.
1367 920 1451 958 Cic.
1470 920 1609 958 Flaeo.

140 979 161 1025 ἓ
190 978 254 1016 35.
310 977 395 1015 Att.
420 987 455 1013 11
483 976 532 1012 22
558 976 578 1022 5
609 975 645 1012 1.
709 985 763 1012 111
792 975 1063 1011 testimonium
1091 975 1219 1011 alicui
1248 975 1485 1012 denuntiare
1522 972 1605 1011 Cic.

143 1030 293 1068 SRosc.
318 1031 339 1077 5
361 1028 477 1068 llos.
539 1028 654 1066 Verr.
679 1029 736 1075 15
756 1027 805 1065 51
827 1026 854 1064 f.
904 1029 978 1074 115
999 1027 1060 1065 65.
1119 1026 1257 1064 Flace.
1286 1029 1307 1075 5
1335 1027 1386 1064 14
1414 1026 1610 1064 adiunaeit

141 1085 233 1128 illa,
254 1088 299 1120 ut
319 1094 394 1130 eos,
419 1080 503 1129 qui
523 1080 663 1118 domo
683 1080 815 1118 exire
840 1079 1094 1124 nolebant,
1114 1078 1402 1117 testimonii
1427 1078 1609 1116 denun-

140 1135 356 1174 tiatione
383 1136 614 1172 terreret.
652 1133 746 1170 VM.
768 1144 846 1170 vm
867 1132 1011 1180 1510.
1055 1131 1161 1170 Geib
1180 1132 1494 1181 Criminalproc.
1515 1132 1605 1170 338.

221 1226 476 1253 smonxsrvs
506 1213 551 1251 in
581 1213 642 1251 Pl.
676 1224 778 1250 once
809 1211 932 1261 again
968 1223 1066 1261 pan.
1097 1212 1148 1249 42
1188 1213 1209 1260 5
1247 1212 1272 1250 4
1308 1213 1610 1250 recordantibus

135 1270 364 1320 principem
399 1269 516 1305 illum
551 1268 597 1304 in
626 1268 764 1315 capita
802 1267 1050 1303 dominorum
1084 1278 1217 1303 seruos
1255 1265 1611 1303 subornantem

142 1327 502 1369 monstrantemque
539 1321 725 1364 crimina,
755 1331 858 1368 quae
896 1324 1101 1367 tamquam
1137 1319 1275 1356 delata
1305 1319 1486 1367 puniret.
1545 1317 1607 1357 Pl.

142 1375 183 1414 h.
217 1387 259 1414 n.
292 1386 400 1412 xxxv
426 1376 446 1422 5
475 1374 526 1414 89
564 1372 842 1411 subornato
870 1372 1024 1422 fraude
1052 1372 1296 1410 aemulorum
1325 1372 1453 1420 plano
1483 1372 1607 1419 reqio.

144 1428 226 1467 Cic.
253 1426 427 1475 Quintil.

220 1506 248 1544 1.
278 1506 330 1543 24
367 1515 614 1542 ΕΧΑΒΜΑΒΕΤ
643 1514 710 1541 see
738 1501 993 1541 Miihlmann
1023 1500 1244 1550 (disarmed
1270 1500 1326 1550 by
1353 1512 1378 1538 a
1414 1499 1614 1538 mother's

143 1561 267 1604 tears‚
290 1562 480 1606 serpents
499 1556 652 1595 robbed
671 1556 717 1594 of
734 1556 841 1595 their
860 1555 994 1604 sange,
1017 1554 1128 1592 lions
1148 1554 1231 1592 and
1249 1553 1439 1602 leopards
1458 1552 1612 1598 tamed,

143 1612 215 1651 the
244 1624 313 1650 sea
340 1610 513 1658 calmed,
547 1622 571 1648 a
599 1609 695 1659 ship
723 1608 961 1657 unrigged):
1000 1619 1079 1656 eg.
1111 1607 1183 1646 Sil.
1218 1619 1299 1645 xm
1326 1608 1402 1645 275
1430 1607 1613 1655 placidis

144 1667 362 1705 exarmet
385 1664 492 1702 fata
510 1664 689 1702 uenenis.
749 1672 977 1700 NORBANVM
995 1672 1242 1699 mcmmm
1261 1660 1359 1708 only
1377 1659 1487 1697 here.

225 1746 253 1784 1.
287 1747 336 1783 25
370 1754 672 1788 mox-Isrromm
708 1745 749 1791 55
781 1742 805 1780 6
835 1741 863 1780 1.
885 1743 948 1781 26.
974 1742 1022 1780 31
1056 1742 1126 1780 bis.
1184 1741 1233 1780 19
1264 1743 1285 1789 5
1316 1740 1353 1779 6.
1402 1753 1428 1778 v
1457 1740 1509 1778 20
1538 1741 1559 1788 5
1588 1740 1613 1777 2

145 1798 349 1848 (Bithyni)
380 1799 539 1836 inducti
568 1799 613 1835 in
641 1802 823 1834 senatum
862 1794 1250 1843 inquisitionem
1282 1795 1608 1842 postulauerunt.

143 1857 164 1902 5
193 1854 215 1892 7
245 1853 400 1890 censuit
429 1852 588 1889 Acilius
617 1851 750 1898 Rufus
779 1861 854 1888 cos.
890 1849 968 1887 des.
1002 1846 1390 1895 inquisitionem
1417 1846 1614 1896 Bithynis

144 1907 331 1944 dandam.
387 1915 431 1941 vl
459 1905 482 1941 5
511 1906 531 1951 5
556 1904 579 1940 2
605 1901 729 1950 (cited
758 1913 813 1939 on
840 1901 868 1938 1.
891 1901 972 1952 23).
1029 1901 1080 1939 29
1107 1901 1184 1947 57.
1225 1910 1251 1936 Χ
1277 1900 1328 1936 30
1355 1900 1438 1947 (39)
1465 1899 1542 1947 52.
1564 1899 1614 1936 38

146 1959 242 2011 (47).
301 1957 414 1995 Suet.
443 1956 559 1995 Caes.
592 1966 610 1993 1
639 1954 814 1992 Casaub.
843 1955 892 1992 67
923 1955 1164 1991 desertorum
1192 1964 1240 1990 ac
1267 1954 1549 1990 seditiosorum
1575 1956 1616 1989 et

144 2010 420 2060 inquisitor
439 2015 478 2048 et
499 2010 670 2057 punitor
688 2009 918 2045 acerrimus.
980 2005 1041 2044 Cl.
1062 2005 1112 2044 16
1134 2007 1272 2054 plures
1293 2011 1430 2042 notare
1450 2009 1615 2042 conatus

144 2076 292 2113 mayna
322 2061 685 2110 inquisitorum
721 2060 986 2108 neyleyentia,
1018 2059 1087 2096 sed
1122 2070 1191 2096 suo
1228 2059 1378 2095 maiore
1415 2058 1615 2102 dedecore,

144 2118 331 2156 innoxios
343 2117 434 2165 sere
453 2115 642 2163 repperit.
704 2112 799 2150 Tac.
820 2125 873 2149 xv
893 2111 942 2150 66
971 2112 1137 2149 eundem
1163 2113 1363 2148 conscium
1392 2116 1431 2148 et
1457 2108 1616 2157 inqui-

147 2170 369 2209 sitorem.
424 2167 618 2214 Dirksen,
647 2165 836 2209 Brisson,
859 2164 1111 2201 Miihlm2mn
1136 2165 1313 2212 inquiro,
1335 2164 1462 2207 —sitio,
1483 2165 1613 2201 -sitor.

146 2234 263 2262 REVM
291 2232 551 2264 Posmsvrr,
581 2229 773 2262 TAMQVAM
801 2220 843 2265 55
871 2217 935 2255 33.
966 2217 1028 2256 36.
1079 2227 1123 2254 rv
1150 2217 1202 2253 22
1229 2217 1292 2263 52
1322 2215 1619 2254 commendabat

147 2278 344 2315 actionem
380 2274 485 2324 quod
520 2276 773 2320 tamquam
812 2272 922 2308 homo
959 2271 1161 2307 Romanus
1198 2275 1237 2306 et
1274 2269 1394 2306 bonus
1431 2269 1535 2306 ciuis
1573 2268 1620 2305 in

147 2330 305 2378 negotio
325 2339 396 2366 suo
414 2331 568 2365 mature
588 2331 626 2363 et
644 2325 827 2373 yrauiter
847 2323 1092 2371 loquebatur.
1130 2333 1192 2359 vn
1206 2322 1325 2369 2851
1346 2322 1409 2358 ais
1428 2320 1620 2370 quosdam

150 2382 259 2432 apud
287 2387 324 2419 te
352 2377 748 2428 reprehendisse,
770 2378 1022 2423 tamquam
1049 2375 1197 2414 amicos
1223 2386 1325 2412 meos
1352 2386 1399 2412 ex
1422 2374 1528 2412 omni
1558 2384 1619 2411 oc-

151 2436 308 2473 casione
335 2434 448 2470 ultra
475 2432 632 2470 modum
668 2430 836 2468 laudem.
896 2430 917 2476 5
945 2429 968 2465 2
1007 2439 1175 2476 aynosco
1213 2429 1375 2471 crimen,
1404 2427 1621 2475 amplector

153 2489 288 2526 etiam.
343 2485 433 2524 IuV.
457 2495 511 2522 m
537 2484 612 2521 222
626 2495 670 2521 11.
697 2487 901 2531 suspectus
926 2482 1191 2528 tamquam.
1248 2479 1301 2518 cf.
1324 2491 1352 2517 x
1376 2479 1509 2517 32611.
1567 2477 1622 2515 111

152 2540 225 2578 the
253 2539 377 2577 silver
404 2549 479 2586 age
508 2543 711 2586 tamquam
737 2534 801 2586 (cf.
825 2535 946 2584 quasi
971 2533 1033 2570 Pl.
1054 2544 1071 2570 1
1097 2533 1146 2571 16
1177 2535 1197 2580 5
1222 2532 1262 2583 5)
1283 2531 1320 2570 is
1338 2530 1440 2570 used
1457 2530 1540 2568 like
1559 2529 1620 2575 ὡς,

153 2591 328 2630 without
356 2589 584 2638 connoting
612 2600 696 2637 any
724 2586 867 2625 doubt.
922 2586 1081 2633 Drager
1108 2584 1208 2624 hist.
1237 2585 1353 2634 Synt.
1385 2595 1421 2622 11
1449 2584 1615 2622 651-2.

156 2657 240 2693 esp.
265 2643 448 2682 Wijlfflin
468 2642 513 2681 in
533 2641 683 2679 Philol.
704 2651 801 2678 xnv
822 2639 941 2678 115-
953 2639 1042 2676 123.
1100 2637 1196 2676 Tac.
1216 2637 1259 2676 h.
1280 2649 1298 2676 1
1317 2640 1340 2678 7
1366 2638 1620 2685 tamquam

156 2699 266 2748 apud
287 2709 417 2736 senem
437 2696 695 2745 festinantes.
