1823 3000
697 220 722 264 I
783 220 949 264 10—11
1009 225 1036 264 5
1581 227 1608 267 3

129 321 376 367 oculorum
407 320 547 382 uigor
573 320 774 381 integer,
800 320 914 366 inde
942 321 1067 382 agile
1095 325 1145 367 et
1178 321 1401 368 uiuidum
1436 340 1609 385 corpus

127 402 324 464 solaque
346 419 408 448 ex
430 406 677 448 senectute
700 402 972 462 prudentia.
1044 402 1170 448 hanc
1203 419 1289 464 ego
1312 404 1468 450 uitam
1492 411 1608 451 uoto
1634 428 1669 448 11

128 487 178 526 et
223 482 512 543 cogitatione
557 497 824 541 praesumo,
871 482 1178 543 ingressurus
1223 483 1514 543 auidissime,
1551 491 1609 531 ut

127 562 339 622 primum
368 561 493 606 ratio
524 561 697 607 aetatis
729 562 946 622 receptui
978 578 1149 608 canere
1184 564 1470 624 permiserit.
1539 564 1610 610 in-

78 651 105 694 5
129 641 271 687 terim
301 641 434 686 mille
465 642 713 688 laboribus
748 648 982 699 conteror,
1009 659 1216 704 quorum
1250 643 1374 689 mihi
1405 649 1455 690 et
1485 645 1607 691 sola-

128 723 254 768 cium
281 728 332 769 et
362 723 638 784 exemplum
669 728 743 770 est
766 724 895 769 idem
929 725 1174 786 Spurinna
1196 744 1206 773 t
1251 741 1366 772 nam
1389 726 1472 772 1116
1496 743 1609 788 quo-

128 821 232 865 que,
271 804 429 864 quoad
461 803 719 849 honestum
749 803 862 862 fuit,
899 804 1021 851 obiit
1052 806 1219 864 officia,
1258 806 1407 867 gessit
1439 810 1610 869 magis-

125 889 299 939 tratus,
347 883 622 945 prouincias
668 883 798 929 rexit
837 884 1089 946 multoque
1125 885 1289 932 labore
1329 886 1419 932 hoc
1453 888 1608 934 otium

124 960 315 1007 meruit.
376 961 529 1022 igitur
558 962 765 1007 eundem
802 963 925 1008 mihi
957 979 1168 1021 cursum,
1206 966 1414 1012 eundem
1447 968 1609 1013 termi-
1632 991 1671 1012 12

43 1049 102 1094 10
123 1057 243 1086 num
278 1045 453 1097 statuo,
479 1041 625 1102 idque
655 1041 754 1087 iam
785 1058 915 1088 nunc
943 1043 1073 1104 apud
1103 1050 1153 1090 te
1189 1046 1430 1107 subsigno,
1463 1052 1532 1106 ut,
1567 1048 1609 1094 si

124 1137 202 1167 me
235 1120 427 1182 longius
461 1121 603 1166 euehi
637 1121 834 1180 uideris,
872 1124 923 1167 in
951 1123 1028 1169 ius
1065 1139 1207 1170 uoces
1238 1126 1300 1170 ad
1331 1126 1456 1172 hanc
1490 1127 1609 1188 epis-

123 1200 278 1246 tulam
304 1216 461 1246 meam
485 1206 534 1245 et
567 1200 810 1262 quiescere
842 1201 1023 1260 iubeas,
1051 1218 1160 1248 cum
1191 1203 1398 1251 inertiae
1425 1205 1608 1252 crimen

123 1281 345 1341 effugero.
416 1279 538 1325 uale.

839 1388 896 1434 II

41 1481 98 1526 15
469 1481 516 1521 C.
544 1481 770 1521 PLINIVS
804 1481 1030 1521 MAXIMO
1071 1483 1174 1522 SVO
1215 1484 1259 1524 S.

224 1564 366 1621 Quod
399 1564 502 1626 ipse
536 1563 703 1609 amicis
726 1562 825 1608 tuis
861 1564 1160 1623 obtulissem,
1201 1567 1242 1611 si
1283 1567 1404 1613 mihi
1440 1567 1607 1614 eadem
1632 1589 1647 1611 1

122 1646 327 1692 materia
367 1650 659 1706 suppeteret,
707 1645 758 1690 id
803 1661 934 1691 nunc
969 1645 1076 1691 iure
1116 1647 1285 1692 uideor
1325 1664 1354 1693 a
1393 1653 1443 1694 te
1488 1649 1608 1695 meis

122 1728 378 1790 petiturus.
418 1727 663 1772 Arrianus
687 1726 917 1772 Maturus
941 1727 1243 1773 Altinatium
1267 1734 1341 1774 est
1358 1729 1605 1791 princeps:
1631 1749 1649 1769 2

122 1824 232 1854 cum
273 1807 378 1852 dico
418 1807 655 1868 princeps,
687 1823 785 1852 non
818 1807 877 1853 de
908 1806 1225 1854 facultatibus
1264 1808 1449 1870 loquor,
1484 1825 1608 1870 quae

37 1886 99 1931 20
121 1887 197 1932 illi
218 1887 349 1948 large
373 1892 647 1948 supersunt,
674 1887 758 1933 sed
791 1887 849 1933 de
885 1888 1109 1934 castitate
1139 1889 1332 1934 iustitia
1365 1890 1608 1950 grauitate

122 1965 392 2027 prudentia.
463 1965 610 2011 huius
644 1981 730 2026 ego
765 1967 964 2012 consilio
998 1967 1050 2012 in
1084 1968 1304 2028 negotiis,
1344 1968 1522 2014 iudicio
1554 1969 1608 2014 in
1629 1986 1647 2015 3

121 2044 296 2091 studiis
327 2051 467 2092 utor:
503 2061 618 2090 nam
649 2046 918 2106 plurimum
942 2047 1050 2106 fide,
1077 2048 1345 2109 plurimum
1381 2049 1604 2107 ueritate,

120 2124 384 2186 plurimum
407 2124 739 2185 intellegentia
762 2131 990 2186 praestat.
1062 2132 1194 2172 amat
1230 2143 1320 2184 me,
1355 2127 1479 2172 nihil
1503 2143 1607 2189 pos·
1629 2142 1648 2171 4

122 2221 228 2250 sum
251 2205 501 2251 ardentius
524 2205 694 2263 dicere,
720 2213 778 2252 ut
801 2213 870 2254 tu.
943 2212 1076 2253 caret
1094 2208 1283 2253 ambitu
1303 2226 1312 2254 :
1347 2208 1456 2254 ideo
1480 2224 1530 2254 se
1553 2208 1607 2254 in

37 2288 98 2333 25
122 2285 334 2345 equestri
356 2284 508 2345 gradu
542 2285 720 2343 tenuit,
754 2302 863 2331 cum
899 2286 1038 2332 facile
1073 2295 1234 2347 posset
1265 2286 1519 2332 ascendere
1542 2286 1606 2332 al-

120 2364 376 2411 tissimum.
445 2363 568 2409 mihi
606 2369 773 2409 tamen
813 2365 1059 2411 ornandus
1092 2365 1479 2425 excolendusque
1516 2370 1602 2412 est.

120 2443 287 2505 itaque
309 2444 474 2505 magni
505 2446 708 2490 aestimo
743 2445 973 2504 dignitati
1005 2445 1109 2490 eius
1141 2444 1327 2505 aliquid
1354 2444 1606 2491 adstruere
1629 2460 1647 2489 5

120 2524 432 2585 inopinantis,
465 2524 736 2583 nescientis,
774 2525 923 2570 immo
958 2524 1106 2570 etiam
1140 2524 1345 2569 fortasse
1377 2523 1604 2582 nolentis,

202 2629 224 2666 1
253 2627 469 2667 oculorum
489 2632 600 2667 MVD
654 2629 955 2677 oculorumque
974 2632 1087 2675 Ppra.
1275 2630 1299 2670 7
1327 2627 1410 2669 fuit
1424 2653 1478 2660 —
1491 2632 1515 2670 3
1539 2632 1560 2680 ἓ
1580 2630 1605 2671 6

121 2694 288 2734 credere
307 2695 426 2743 potes
446 2706 520 2732 om.
541 2697 619 2734 MV
779 2696 829 2733 25
858 2694 994 2744 possit
1013 2698 1072 2733 Dr

1343 2778 1470 2824 1-2
