1823 3000
0 239 4 242 ’
76 248 178 299 vn]
593 246 632 286 A
669 246 829 287 81010
866 246 1026 285 POET.
1476 243 1552 285 111

80 350 124 390 of
142 361 280 400 pagan
299 347 465 398 despair
485 347 563 398 (Pl.
585 346 629 388 h.
649 359 693 386 n.
714 359 750 386 11
768 350 789 396 ἕ
808 350 859 388 27
879 348 988 387 cited
1005 348 1151 398 below)
1173 361 1218 387 xr
1237 349 1394 388 186—8
1414 349 1555 387 nullo

80 415 172 442 nos
198 402 380 441 inuida
405 403 549 440 tanto
573 400 579 451 Ι
604 401 822 440 armauit
850 402 1044 440 Natura
1070 401 1208 447 bono,
1231 414 1374 450 quam
1402 402 1556 440 ianua

80 455 260 495 mortis
280 455 286 508 Ι
308 454 437 503 quod
462 456 604 503 patet
633 456 679 492 et
707 454 815 492 uita
843 467 943 493 non
966 467 1121 504 aequa
1143 454 1277 494 exire
1304 457 1553 504 potestas,

81 509 190 547 Well
207 508 343 556 might
359 507 411 544 E.
423 519 464 544 v.
476 507 660 545 Lasaulx
678 509 785 545 treat
809 507 877 546 ‘de
895 508 1043 546 mortis
1063 507 1284 546 dominatu
1300 509 1346 546 in
1364 507 1555 546 ueteres.'

83 562 172 601 Τ110
189 561 344 610 gallery
360 559 406 598 of
422 560 578 598 suicide
597 559 643 597 in
663 560 833 599 Tacitus
852 561 973 600 alone
991 560 1070 599 has
1089 573 1114 600 a
1131 561 1248 600 voice
1267 561 1332 600 for
1351 573 1470 611 every
1487 573 1557 599 ear

82 618 159 654 not
177 614 271 652 deas
289 616 333 651 to
351 612 562 662 History’s
580 612 789 662 teaching.

163 667 212 705 F.
240 666 507 704 BUECHELER
545 666 641 714 (Rh.
673 666 783 706 Mus.
826 666 931 704 1880
967 666 1125 717 390-1):
1165 666 1289 716 “lege
1328 666 1519 706 Punica..

83 720 148 770 leg
150 732 172 758 e
206 719 253 758 in
280 731 336 756 xv
363 718 470 756 libro
500 718 741 767 Voluptatis
773 721 815 757 et
845 719 1024 758 Virtutis
1062 722 1286 767 certamen,
1317 720 1455 759 noluit
1487 719 1557 757 1110

85 773 225 823 01110118
250 771 501 809 historicum
528 784 660 820 agere,
684 783 786 810 nam
812 771 1037 810 historiam
1065 775 1273 822 quantum
1300 773 1393 811 fieri
1419 772 1558 822 potuit

85 826 132 865 in
176 824 300 863 rebus
350 824 475 862 certis
525 828 597 863 aut
646 828 757 863 certa
800 825 927 873 fama,
978 825 1159 864 deseruit
1204 828 1245 865 et
1291 826 1557 875 contempsit,

86 878 222 917 uoluit
256 876 557 926 philosophum
593 889 818 916 romanum
855 879 928 926 qui
963 879 1098 917 malos
1127 891 1267 917 mores
1299 879 1553 924 emendaret,

85 931 291 970 bonorum
326 931 514 979 exempla
550 930 742 969 laudaret
779 943 804 970 3
846 931 1149 969 00108118811018
1190 931 1353 980 patriae
1386 932 1559 970 uirtutis

86 983 327 1023 nominibus
364 983 419 1022 ad
455 984 652 1032 aequales
689 996 790 1022 suae
827 985 958 1022 aetati
993 985 1226 1023 Lateranos
1257 988 1297 1023 et
1331 985 1488 1024 Galbas
1517 988 1559 1022 et

88 1036 293 1076 Pedianos
311 1048 566 1085 progressus,
587 1040 746 1075 sectam
760 1049 857 1075 eum
872 1041 1063 1075 secutum
1081 1050 1170 1076 esse
1187 1037 1371 1076 Stoicam
1388 1038 1559 1082 scilicet,

88 1101 164 1129 000
201 1089 350 1127 desunt
389 1090 568 1128 carmini
610 1090 733 1128 Bruti
776 1095 851 1129 aut
888 1090 1060 1129 Catonis
1094 1090 1256 1137 laudes,
1295 1095 1336 1129 et
1372 1103 1470 1130 0001
1514 1090 1561 1128 10

88 1142 283 1181 morbum
303 1142 517 1181 incidisset
537 1143 829 1187 insanabilem,
850 1143 937 1192 ipse
958 1144 1037 1181 sibi
1059 1144 1158 1182 fecit
1182 1156 1421 1192 exagogam.
1481 1144 1561 1182 113-

91 1208 170 1245 que
188 1197 387 1234 Annaeus
406 1196 616 1234 Cornutus
641 1200 689 1234 ut
711 1196 785 1234 ‘ad
803 1197 1003 1234 Italicum
1029 1196 1079 1235 de
1107 1197 1305 1246 Vergilio’
1325 1197 1563 1247 [Charisius

90 1249 193 1288 cites
219 1248 292 1286 the
318 1248 441 1286 tenth
469 1248 594 1298 book]
621 1249 777 1287 librum
803 1249 1003 1296 mitteret,
1031 1262 1117 1288 non
1143 1250 1186 1288 id
1214 1254 1383 1288 tantum
1411 1261 1563 1289 causae

91 1302 172 1340 fuit
192 1301 303 1350 quod
321 1301 548 1350 Vergilium
567 1302 638 1340 ille
657 1306 883 1341 ueneratus
907 1306 971 1341 est
996 1306 1037 1341 et
1057 1304 1308 1349 aemulatus,
1334 1303 1405 1341 sed
1433 1303 1563 1342 etiam

92 1354 204 1404 quod
231 1355 277 1392 in
307 1354 576 1404 philosophia
606 1367 678 1393 eas
709 1359 850 1404 partes
881 1356 1076 1404 probauit
1106 1368 1211 1404 quas
1245 1357 1455 1395 Cornutus
1483 1357 1565 1395 dis-

93 1407 249 1457 ciplina
279 1420 328 1446 30
358 1408 526 1456 scriptis
562 1408 770 1448 tuebatur.
830 1412 957 1456 atque
993 1421 1089 1447 cum
1126 1409 1265 1447 uirum
1302 1410 1565 1448 consularem

94 1461 238 1500 doctor
257 1461 536 1509 semigraecus
560 1460 629 1499 his
651 1461 790 1499 uerbis
816 1462 1084 1510 compellaret
1111 1464 1272 1512 iamque
1295 1465 1473 1513 exemplo
1498 1470 1565 1501 tuo

96 1516 220 1553 etiam
243 1516 450 1563 principes
481 1516 730 1562 ciuitatium,
768 1527 790 1552 o
821 1522 958 1564 poeta,
991 1517 1193 1564 incipient
1228 1518 1385 1554 similia
1407 1517 1565 1566 finqere

96 1567 277 1616 (Charis.
293 1568 368 1605 125
389 1567 438 1605 16
458 1567 525 1616 Κ),
551 1567 651 1615 quid
674 1567 844 1605 tandem
864 1568 1045 1616 respexit
1063 1569 1146 1606 nisi
1157 1568 1340 1607 ethicam
1357 1569 1567 1607 rationem

96 1632 145 1660 ac
163 1620 452 1670 philosophiae
473 1620 666 1658 semitam
694 1620 866 1659 Silianis
891 1621 1146 1659 carminibus
1166 1625 1562 1681 praemonstratam,

96 1673 352 1712 translatam
372 1672 588 1732 Calliopen
608 1685 657 1711 ex
679 1673 791 1711 ludis
816 1673 1148 1712 declamatorum
1174 1675 1219 1712 in
1238 1670 1459 1713 officinam
1485 1675 1568 1713 1111-

97 1725 232 1765 tutis?
277 1738 410 1774 neque
439 1726 550 1763 enim
587 1726 749 1776 piimus
778 1726 889 1764 inter
925 1727 1134 1776 principes
1171 1727 1359 1766 ciuitatis
1394 1728 1570 1766 Italicus

98 1791 197 1828 epos
225 1779 408 1817 latinum
440 1779 626 1817 condidit
657 1780 847 1827 (Neronis
877 1780 1024 1819 Troica
1054 1781 1264 1819 Cornutus
1291 1793 1446 1830 magno
1474 1793 1570 1819 cum

98 1833 212 1871 malo
232 1844 307 1870 suo
329 1835 524 1880 nouerat)
542 1845 618 1870 nec
640 1832 800 1881 primus
820 1832 1023 1872 historiae
1048 1846 1248 1872 romanae
1275 1838 1571 1883 argumentum

99 1885 341 1933 Vergiliana
366 1888 456 1923 arte
486 1885 685 1923 tractauit
708 1886 830 1936 (bella
851 1885 993 1924 ciuilia
1013 1899 1144 1935 paene
1163 1886 1208 1925 in
1234 1887 1375 1925 schola
1396 1887 1572 1925 Cornuti

99 1939 297 1978 Lucanus
328 1950 479 1976 canere
513 1943 736 1987 coeperat).
792 1939 862 1977 ille
892 1951 992 1977 uero
1025 1941 1183 1978 frustra
1217 1940 1271 1978 sit
1299 1939 1371 1989 qui
1403 1944 1572 1990 poetam

103 1991 365 2040 appellatum
395 2003 420 2029 a
448 1991 632 2029 Comuto
663 2003 753 2030 esse
784 2004 870 2030 non
899 1992 1098 2031 Italicum
1127 1992 1200 2031 sed
1225 1993 1456 2042 Vergilium
1487 1993 1572 2042 opi

101 2047 240 2090 netur,
270 2047 343 2082 aut
374 2044 573 2082 Italicum
606 2044 729 2082 illum
759 2045 927 2093 quidem
954 2045 1025 2084 sed
1055 2057 1149 2084 eam
1176 2046 1228 2084 ob
1258 2058 1429 2085 causam
1464 2046 1574 2094 quod

104 2096 188 2136 alia
216 2095 405 2135 03110103
437 2097 719 2146 composuerit
755 2098 899 2147 ignota
930 2099 1055 2137 nobis
1087 2103 1161 2137 aut
1192 2099 1342 2137 saltem
1377 2100 1574 2159 plurimis

102 2152 296 2188 nostrum
318 2153 406 2199 (ego
420 2151 533 2188 enim
552 2151 785 2188 Homerum
802 2151 983 2189 latinum
999 2151 1130 2190 audeo
1150 2152 1292 2190 adules
1276 2153 1407 2191 800011
1425 2153 1574 2190 Italico

105 2202 287 2241 tribuere
306 2203 410 2241 fisus
428 2203 661 2252 primorum
684 2208 725 2242 et
750 2215 824 2252 1108
806 2209 1058 2243 81100101010
1078 2217 1274 2243 uersuum
1297 2205 1576 2254 parastichidi

105 2256 279 2295 Italion
296 2255 495 2307 sc÷ipsit).
548 2255 681 2295 immo
706 2257 951 2296 adsentatus
978 2258 1041 2297 ita
1070 2263 1134 2296 est
1161 2257 1422 2296 nobih‘ssimo
1450 2259 1574 2296 Puni-

107 2319 252 2347 corum
277 2308 469 2357 scriptori
494 2321 581 2347 non
607 2313 706 2348 ante
727 2322 887 2348 annum
915 2310 1013 2350 Chr.
1034 2312 1086 2349 84
1107 2311 1199 2358 (Sil.
1222 2323 1275 2348 111
1295 2312 1387 2360 607)
1412 2310 1577 2350 Stoicus

109 2372 246 2399 senex.
318 2373 420 2399 nam
461 2374 595 2400 annos
637 2362 734 2411 plus
769 2363 912 2402 minus
949 2364 1215 2413 septuaginta
1250 2366 1344 2401 tum
1379 2363 1577 2402 habuisse

107 2414 285 2462 oportet,
307 2414 376 2451 cui
392 2414 560 2453 Persius
580 2427 677 2453 eum
701 2418 843 2464 togam
861 2428 1012 2466 puram
1031 2417 1270 2465 accepisset,
1294 2416 1363 2455 uel
1381 2420 1429 2454 ut
1448 2417 1577 2456 uerba

111 2469 280 2505 saturae
298 2478 323 2503 v
342 2467 393 2504 30
413 2466 527 2505 Suet.
548 2466 592 2505 in
620 2468 711 2507 uita
736 2469 854 2507 Persi
878 2469 1082 2517 imitatur,
1107 2481 1204 2507 cum
1233 2472 1344 2508 esset
1369 2482 1578 2508 annorum

110 2530 195 2566 xvr,
235 2518 281 2556 id
316 2521 381 2557 est
417 2519 662 2559 Christiano
691 2533 804 2560 anno
834 2523 885 2561 50
918 2526 1138 2570 tamquam
1168 2522 1297 2559 matri
1322 2534 1501 2571 puerum
1535 2535 1579 2562 se

113 2571 348 2620 supposuit.
403 2575 663 2621 ‘surgentem
683 2573 827 2612 dextro
845 2575 1102 2613 monstrauit
1129 2575 1265 2613 limite
1292 2575 1459 2613 callem’
1481 2576 1578 2614 Cor·

113 2628 244 2663 nutus
263 2622 405 2662 Persio
426 2624 494 2674 (111
508 2626 590 2674 57),
618 2629 711 2665 ‘nec
730 2627 890 2666 famam
908 2628 1030 2666 laeuo
1050 2627 1277 2676 quaerebat
1294 2627 1430 2667 limite
1446 2629 1578 2667 vitae’

117 2677 244 2718 Silius
265 2678 361 2727 (vm
386 2676 495 2731 640).
547 2677 662 2718 hunc
689 2679 851 2720 dedisse
879 2692 1052 2730 operam
1078 2683 1125 2719 ut
1152 2679 1431 2730 philosophus
1457 2681 1580 2721 habe-
