1823 3000
670 227 761 271 XV
822 225 1023 270 l—XVI
1055 229 1082 269 3
1567 228 1621 270 27

136 344 200 373 an
235 326 447 373 editione
494 325 593 372 sint
645 325 792 385 digni,
842 324 1042 370 adhibes
1090 339 1266 385 preces,
1305 323 1498 384 adlegas
1546 340 1625 369 ex-

138 408 352 470 emplum
369 424 384 466 ,-
437 422 577 468 rogas
623 406 753 451 enim
790 411 846 450 ut
891 405 1074 465 aliquid
1119 404 1351 449 subsiciui
1392 404 1625 465 temporis

136 488 313 534 studiis
336 488 456 533 meis
479 486 776 545 subtraham,
803 487 1066 547 inpertiam
1090 486 1205 543 tuis,
1232 486 1383 531 adicis
1418 485 1486 531 Μ.
1516 485 1625 530 Tul-

135 569 258 614 lium
281 569 403 613 mira
431 567 735 628 benignitate
770 573 1024 628 poetarum
1049 567 1246 628 ingenia
1278 568 1469 613 fouisse.
1542 565 1623 610 sed
1646 584 1664 604 2

83 653 111 697 5
137 660 222 705 ego
246 659 334 689 nec
368 644 611 704 rogandus
647 659 754 689 sum
790 659 877 689 nec
912 644 1215 689 hortandus:
1253 660 1368 689 nam
1404 649 1453 689 et
1476 646 1625 703 poeti-

136 740 224 770 cen
276 724 428 785 ipsam
476 723 836 785 religiosissime
882 739 1089 769 ueneror
1134 730 1184 769 et
1230 730 1280 770 te
1327 725 1624 771 ualidissime

135 805 293 866 diligo.
383 805 558 850 faciam
599 821 712 865 ergo
753 805 883 865 quod
929 805 1172 850 desideras
1218 811 1320 850 tam
1367 806 1626 867 diligenter

133 899 278 943 quam
301 884 521 930 libenter.
593 884 763 929 uideor
797 890 961 929 autem
993 885 1092 929 iam
1129 901 1258 929 nunc
1294 900 1432 945 posse
1462 887 1626 932 rescri-
1648 907 1665 936 3

133 965 245 1011 bere
269 981 370 1011 esse
394 981 514 1026 opus
537 966 795 1026 pulchrum
821 982 910 1011 nec
943 966 1359 1027 supprimendum,
1386 977 1626 1028 quantum

50 1051 110 1096 10
133 1045 389 1090 aestimare
412 1046 552 1091 licuit
584 1061 646 1091 ex
679 1046 756 1091 his
791 1062 914 1107 quae
949 1062 1025 1091 me
1051 1052 1304 1107 praesente
1327 1047 1557 1105 recitasti,
1584 1048 1627 1093 si

131 1125 274 1170 modo
314 1125 438 1170 mihi
478 1142 578 1171 non
623 1126 839 1187 inposuit
884 1126 1107 1171 recitatio
1153 1131 1240 1171 tua
1264 1142 1273 1171 ε
1327 1126 1447 1187 legis
1494 1127 1623 1172 enim

133 1206 418 1251 suauissime
443 1213 492 1252 et
516 1207 820 1268 peritissime.
895 1207 1082 1252 confido
1114 1211 1280 1252 tamen
1311 1223 1389 1252 me
1423 1223 1522 1253 non
1558 1209 1625 1254 sic

134 1285 334 1331 auribus
353 1286 477 1345 duci,
497 1293 554 1332 ut
573 1303 738 1333 omnes
756 1288 912 1334 aculei
930 1288 1098 1333 iudicii
1116 1288 1213 1333 mei
1231 1289 1425 1333 illarum
1445 1288 1623 1335 deleni-

133 1368 312 1412 mentis
345 1368 706 1430 refringantur:
765 1370 1058 1415 hebetentur
1094 1368 1299 1414 fortasse
1338 1375 1388 1414 et
1423 1370 1620 1430 paulum
1646 1395 1664 1422 4

50 1450 107 1495 15
135 1450 476 1509 retundantur,
503 1451 647 1497 euelli
671 1451 869 1512 quidem
893 1452 1267 1512 extorquerique
1291 1466 1389 1495 non
1403 1456 1620 1511 possunt.

134 1530 286 1590 igitur
308 1547 406 1576 non
430 1537 611 1577 temere
635 1532 734 1576 iam
757 1548 887 1577 nunc
913 1532 971 1577 de
996 1531 1321 1577 uniuersitate
1345 1532 1621 1592 pronuntiO,
1648 1552 1664 1580 5

134 1609 193 1656 de
211 1611 432 1671 partibus
450 1612 674 1673 experiar
696 1613 915 1674 legendo.
983 1612 1106 1658 uale.

814 1744 951 1790 XVI

487 1842 529 1881 C.
574 1843 800 1882 PLINIVS
838 1843 1048 1882 NEPOTI
1087 1843 1188 1882 SVO
1224 1844 1266 1883 S.

50 1937 110 1982 20
234 1937 514 1983 Adnotasse
544 1938 715 1983 uideor
744 1938 874 1984 facta
904 1939 1129 2000 dictaque
1170 1939 1389 1984 uirorum
1425 1939 1624 1985 femina-
1651 1961 1663 1980 1

136 2034 340 2079 rumque
364 2018 460 2064 alia
483 2018 688 2064 clariora
717 2035 817 2065 esse
852 2019 948 2065 alia
979 2020 1174 2065 maiora.
1248 2021 1531 2066 confirmata
1554 2027 1627 2066 est
1649 2043 1666 2062 2

137 2097 301 2157 opinio
340 2114 449 2143 mea
486 2098 714 2144 hesterno
756 2098 973 2144 Fanniae
1009 2115 1239 2144 sermone.
1313 2100 1474 2160 neptis
1511 2099 1626 2145 haec

137 2179 315 2224 Arriae
345 2179 480 2225 illius
510 2195 633 2240 quae
665 2180 842 2224 marito
867 2185 917 2225 et
940 2179 1172 2225 solacium
1200 2179 1373 2224 mortis
1397 2184 1446 2224 et
1471 2195 1627 2224 exem-

136 2258 272 2318 plum
289 2258 397 2304 fuit.
448 2259 605 2304 multa
629 2259 870 2305 referebat
894 2259 1035 2305 auiae
1060 2274 1174 2305 suae
1193 2274 1293 2304 non
1312 2258 1502 2303 minora
1519 2256 1622 2314 hoc,

49 2349 110 2394 25
137 2344 221 2390 sed
235 2345 512 2392 obscuriora
522 2362 535 2404 3
565 2362 688 2407 quae
706 2346 800 2392 tibi
815 2347 1043 2392 existimo
1057 2351 1160 2391 tam
1175 2345 1421 2391 mirabilia
1444 2344 1627 2405 legenti

137 2430 251 2488 fore,
279 2447 425 2493 quam
447 2433 570 2478 mihi
587 2433 810 2479 audienti
828 2434 1040 2479 fuerunt.
1112 2431 1395 2493 aegrotabat
1420 2430 1626 2477 Caecina
1649 2453 1668 2483 3

218 2529 243 2570 6
270 2529 537 2570 ualedissime
556 2535 599 2570 Μ
643 2531 889 2570 ualdissime
917 2535 974 2572 Fa.
1110 2532 1158 2569 13
1189 2528 1475 2568 delinimentis
1501 2532 1629 2578 Pps‘a.

138 2595 424 2635 delimmentis
442 2608 467 2636 r
520 2597 759 2636 delimentis
778 2601 890 2638 MVD
992 2599 1041 2637 15
1079 2597 1204 2637 euelli
1232 2601 1415 2646 MV'DpS·
1480 2597 1628 2637 reuelli

137 2666 219 2703 Fra
379 2663 430 2704 17
459 2663 683 2714 delegendo
721 2668 800 2704 MV
