1775 3010
97 201 209 251 910]
406 199 688 239 THEATRA.
742 199 987 239 LAETIOR
1027 196 1237 238 STILVS.
1493 197 1571 236 237

96 292 180 332 καθ’
210 291 347 331 αὐτοὺς
374 294 576 341 ’γενόμενοι
603 293 732 341 ὀλίγοι
761 292 1131 339 ἀναμιμνησκόμεθα
1161 291 1222 328 οἵα,
1251 288 1300 337 ἦν
1330 287 1355 336 ἦ
1384 287 1565 337 μουσική.

96 345 265 394 Cum]
319 346 430 383 Here
461 345 534 383 the
565 345 768 383 ‘theatre’
799 345 837 382 is
865 345 939 383 the
980 343 1120 392 public
1156 343 1251 381 that
1289 342 1435 380 attend
1470 341 1571 381 reci-

94 398 266 444 tationS‚
297 398 382 436 and
407 398 546 436 whose
571 397 754 436 demand
772 397 837 436 for
863 397 1073 436 elaborate
1093 398 1326 445 ornament,
1347 397 1571 434 sententiae

96 451 182 489 and
198 450 352 496 forced,
371 449 602 489 unnatural
629 451 886 498 expression,
913 453 1071 488 creates
1099 461 1124 487 a
1151 449 1318 498 supply.
1373 448 1437 486 Pl.
1457 447 1570 486 hails

93 503 168 542 the
188 504 280 553 sign
300 503 346 541 of
365 503 603 552 improving
627 505 738 541 taste
770 503 816 541 in
842 503 911 541 his
937 502 1142 541 audience
1165 501 1291 554 (their
1317 500 1571 539 admiration

95 557 141 595 of
164 556 238 595 the
268 556 458 605 simplest
485 567 682 605 passages
720 556 765 593 of
797 555 867 594 his
906 555 1074 604 speech)
1106 567 1152 594 as
1189 567 1213 593 a
1249 554 1490 604 prognostic
1528 553 1574 591 of

95 621 120 647 a
146 609 280 648 better
308 621 381 657 age
410 609 455 647 of
484 611 666 657 oratory,
702 620 726 646 a
755 612 901 647 return
931 612 975 646 to
1008 612 1171 653 nature,
1195 607 1280 645 like
1308 607 1403 645 that
1434 605 1571 645 which

93 662 275 711 English
301 665 447 711 poetry
478 674 584 700 owes
615 663 660 700 to
694 662 877 710 Cowper,
911 661 1130 700 Churchiss
1158 660 1243 699 and
1269 660 1568 698 Wordsworth.

95 727 269 754 MVSICOS
299 715 384 753 Cic.
416 715 512 753 Sen.
538 727 603 764 ep.
633 717 684 753 88
714 717 735 763 ἓ
764 716 799 754 9.
833 716 909 754 109
939 718 961 762 ξ,
990 715 1013 751 2
1051 714 1314 758 musicum,
1347 715 1418 763 qui
1442 716 1572 763 paria

95 769 258 814 didicit,
278 773 425 806 mouet.
483 768 559 807 See
578 767 757 807 Phaedr.
778 780 804 805 v
824 770 847 808 7
875 780 900 806 a
928 767 1052 817 lively
1070 767 1234 816 picture
1253 767 1298 804 of
1314 767 1386 805 the
1405 767 1570 804 Roman

94 821 236 869 public
265 821 312 858 in
339 820 413 859 the
441 819 617 860 theatre.
674 821 836 859 Vitruv.
858 833 884 858 v
913 821 939 858 4
972 821 1006 859 5.
1065 832 1230 858 cni-:RE
1262 819 1378 858 often
1405 819 1508 858 used
1527 819 1573 857 of

94 874 394 912 instrumental
424 874 572 911 music.
638 873 668 911 1.
697 875 748 911 25
783 875 833 914 26
865 885 911 911 rx
946 885 1055 912 SPEM
1091 884 1281 911 ADDVCOR
1308 884 1433 911 POSSE
1461 872 1569 911 lexx.

94 927 175 964 cite
205 927 287 965 Cic.
309 928 397 964 Att.
418 938 453 964 11
476 928 526 964 22
547 929 565 974 ἓ
584 927 608 964 3
636 926 688 964 in
716 939 804 965 eam
832 938 968 976 Spem
996 925 1305 974 adducimur,
1330 931 1390 965 ut.
1446 937 1499 964 111
1520 926 1569 966 19

94 982 115 1028 ξ
136 981 159 1017 2
178 979 230 1017 in
251 986 407 1018 tantam
429 992 579 1028 spem.

172 1069 260 1115 §10
278 1066 307 1104 1.
328 1067 378 1105 27
409 1078 548 1105 OMNES
578 1078 688 1104 Exnx
717 1079 788 1111 Qv1
817 1079 1026 1105 PLACExm
1055 1078 1178 1105 CAVSA
1198 1078 1402 1105 scmBVNT
1423 1077 1570 1110 QVALIA

94 1131 279 1158 PLACEBE
307 1132 514 1157 vmmuxr
544 1132 746 1158 scmnssr
774 1120 838 1159 Pl.
858 1120 1066 1158 therefore
1093 1120 1254 1158 fastens
1273 1119 1345 1158 the
1365 1120 1570 1168 responsi-

93 1172 215 1222 bility
234 1173 279 1211 of
295 1173 352 1211 all
371 1172 465 1211 that
484 1173 521 1210 is
549 1173 653 1211 false
681 1173 728 1210 in
756 1176 866 1212 taste
894 1185 941 1211 or
971 1173 1142 1217 morals,
1173 1173 1218 1211 in
1246 1173 1461 1211 literature
1488 1172 1571 1211 and

93 1226 180 1271 life,
214 1238 270 1264 on
299 1226 371 1264 the
400 1226 555 1275 public,
588 1226 727 1264 whose
760 1226 940 1265 demand
973 1226 1093 1265 alone
1126 1228 1286 1265 creates
1310 1226 1383 1265 the
1420 1227 1572 1276 supply

100 1279 194 1319 Gal.
216 1278 246 1317 i.
267 1280 330 1318 10.

174 1372 215 1406 1².
237 1367 332 1407 321.
359 1368 381 1405 1
403 1379 447 1405 IN
477 1378 558 1405 Hoc
588 1379 759 1405 GENERE
791 1378 1003 1405 MATERIAE
1034 1378 1050 1404 1
1080 1368 1104 1405 8
1129 1368 1147 1414 ξ
1168 1367 1205 1405 5.
1260 1366 1436 1415 Quintil.
1465 1378 1517 1404 111
1546 1367 1571 1403 4

93 1423 115 1469 ἓ
138 1422 186 1458 12
207 1427 265 1459 est
283 1423 427 1470 iqitur,
447 1427 493 1459 ut
514 1422 619 1468 diri,
643 1433 767 1458 unum
784 1433 923 1469 ymas,
946 1432 1022 1469 quo
1043 1422 1131 1458 laus
1152 1426 1190 1458 et
1208 1421 1460 1469 <uituperatio
1480 1432 1571 1458 con-

96 1476 262 1521 tinetur,
286 1475 355 1512 sed
374 1480 432 1512 est
451 1475 703 1523 appellatum
721 1480 881 1523 aparte
904 1475 1062 1511 meliore
1089 1472 1411 1511 laudatiuum
1433 1489 1441 1512 :
1468 1475 1573 1512 idem

95 1528 174 1565 alii
211 1526 667 1565 demonstratiuum
704 1532 864 1565 uocant.
920 1532 1132 1575 utrumque
1170 1539 1309 1564 nomen
1345 1538 1395 1564 ex
1424 1538 1568 1573 qraeco

95 1581 276 1618 creditur
301 1581 499 1628 fluxisse:
540 1592 635 1617 mim
665 1578 979 1627 ἐγκωμιαστικόν
1014 1585 1086 1617 aut
1125 1578 1377 1617 ἐπιδεικτικὸν
1414 1581 1567 1619 dicuni.

96 1632 149 1670 cf.
170 1634 213 1680 ἐξ
234 1632 402 1672 13-16.
460 1644 504 1670 Χῖ
525 1634 548 1670 3
568 1635 588 1680 ἓ
610 1634 684 1670 153
713 1634 844 1680 initur
869 1635 914 1671 in
939 1634 1260 1677 laudationibus,
1289 1634 1373 1670 11ἰεὶ
1392 1634 1429 1670 si
1450 1634 1570 1681 june-

96 1687 181 1724 bres
202 1691 330 1732 erunt,
356 1685 637 1734 gratiarum
657 1685 858 1723 actione
887 1687 1179 1732 exhortatione,
1203 1686 1404 1723 similibus
1433 1685 1572 1724 laeta

96 1740 143 1777 et
170 1738 439 1787 magnifica
468 1741 517 1776 et
546 1738 781 1776 sublimis
811 1742 886 1776 est
916 1738 1060 1776 actio.
1091 1750 1118 1776 x
1139 1738 1417 1786 13471.6n.
1476 1750 1571 1776 LAE—

95 1802 233 1829 noms
254 1803 364 1829 sr11.1
384 1791 435 1831 cf.
459 1803 519 1829 vn
540 1792 563 1831 9
583 1793 603 1839 ξ
623 1793 660 1831 8.
705 1803 739 1829 11
768 1793 790 1830 5
824 1791 1016 1840 (sending
1046 1790 1118 1829 the
1139 1790 1290 1840 speech
1316 1791 1416 1829 with
1435 1790 1574 1830 which

95 1843 148 1885 116
176 1843 390 1882 dedicated
417 1856 441 1882 a
469 1844 610 1893 public
637 1844 806 1894 libram,
838 1844 891 1883 he
919 1844 1016 1882 asks
1044 1844 1258 1892 Lupercus
1285 1847 1330 1883 to
1358 1856 1493 1893 prune
1522 1844 1569 1891 it,

95 1896 243 1948 reseca)
278 1899 299 1945 ξ
328 1899 353 1934 4
387 1900 570 1945 quotiens
605 1899 711 1936 enim
739 1899 794 1935 acl
818 1899 1043 1947 fastidium
1078 1899 1294 1946 leqentium
1324 1899 1570 1947 deliciasque

95 1952 281 1999 respicio,
302 1952 494 1999 intellego
513 1952 626 1989 nobis
651 1951 1029 1989 commendationem
1057 1957 1094 1988 et
1114 1964 1160 1988 ecc
1187 1952 1275 2000 ipsa
1294 1951 1571 1989 mediocritate

98 2004 194 2041 libri
206 2004 437 2052 petendam.
495 2005 515 2051 ξ
536 2005 558 2041 5
580 2005 686 2042 idem
708 2010 851 2049 tamen,
874 2005 943 2052 qui
965 2016 991 2041 a
1022 2010 1057 2041 te
1083 2005 1186 2042 hanc
1213 2003 1571 2042 austeritatem

97 2057 227 2104 exiqo,
259 2068 377 2104 coyor
408 2057 454 2094 id
483 2058 590 2105 quod
623 2058 826 2094 diuersum
863 2062 920 2095 est
952 2057 1175 2105 postulare,
1213 2063 1258 2094 ut
1295 2058 1341 2094 in
1363 2059 1572 2106 plerisque

89 2109 270 2157 frontem
303 2110 502 2147 remittas.
557 2115 652 2147 sunt
686 2111 792 2147 enim
825 2111 1022 2158 quaedam
1053 2111 1369 2148 adulescentium
1403 2111 1571 2148 auribus

97 2160 188 2210 [the
227 2162 388 2200 theatra
426 2163 469 2199 of
504 2161 642 2200 which
679 2162 740 2201 Pl.
777 2162 866 2211 just
898 2162 1042 2211 spoke]
1073 2163 1224 2208 danda,
1257 2165 1500 2212 praesertim
1535 2164 1572 2201 si

96 2213 311 2252 materia
338 2226 421 2253 non
447 2215 690 2264 refraqetur.
750 2228 846 2253 nam
872 2216 1161 2264 descriptiones
1192 2217 1376 2260 locorum,
1399 2227 1502 2264 quae
1526 2217 1573 2254 in

98 2268 170 2304 hoe
201 2266 304 2304 libro
329 2268 627 2316 frequentiores
661 2274 791 2316 erunt,
825 2280 906 2306 non
940 2269 1129 2306 historice
1164 2274 1322 2306 tantum
1353 2269 1423 2306 sed
1446 2281 1572 2317 prope

91 2320 250 2368 poetice
273 2322 467 2368 prosequi
491 2322 563 2369 fas
592 2326 663 2358 est.
718 2324 738 2369 ἕ
768 2321 791 2359 6
826 2322 931 2370 quod
965 2322 1150 2359 tamensi
1177 2323 1267 2370 quis
1299 2323 1480 2359 extiterit
1500 2323 1572 2370 qui

91 2377 212 2420 putet
242 2383 313 2410 nos
345 2371 534 2410 laetius
557 2373 722 2421 fecisse,
757 2386 878 2422 quam
907 2376 1105 2412 orationis
1136 2374 1386 2412 seueritas
1417 2376 1571 2422 eriqat,

100 2426 235 2469 liu-ius,
254 2430 301 2462 ‘ut
320 2425 384 2462 ita
403 2426 591 2471 dixerim,
613 2427 830 2464 tristitiam
847 2427 1030 2475 reliquae
1051 2432 1192 2475 partes
1212 2428 1388 2464 actionis
1408 2439 1572 2466 exorare

98 2477 309 2515 debebunt.
350 2488 396 2514 1x
415 2479 465 2515 33
481 2480 501 2526 ἓ
519 2478 541 2514 1
561 2479 693 2516 incidi
714 2481 758 2517 in
777 2479 1042 2517 materiam
1061 2491 1211 2525 ueram,
1231 2481 1301 2517 sed
1320 2481 1574 2518 simillimam

88 2531 218 2580 fictae
249 2531 490 2579 dianamque
521 2532 599 2569 isto
631 2531 920 2570 laetissimo
953 2533 1154 2570 altissimo
1190 2534 1387 2582 planeque
1412 2535 1572 2582 poetico

98 2584 275 2630 inyem'O.
331 2583 385 2620 In
423 2583 597 2631 Quintil.
640 2586 759 2633 eopia
783 2586 958 2634 floribus
995 2584 1145 2631 laeta,
1184 2588 1292 2624 loeus
1330 2585 1496 2624 laetus
1533 2593 1574 2626 et

93 2636 343 2686 plausibilis,
376 2635 526 2682 laeta,
549 2647 631 2675 ‘no‘n
656 2638 879 2676 luxuriosa.
935 2636 988 2676 cf.
1008 2650 1035 2676 x
1064 2638 1086 2675 1
1106 2640 1128 2686 ἓ
1147 2638 1198 2677 46
1217 2649 1260 2676 n.
1322 2637 1420 2676 Tac.
1450 2637 1491 2677 d.
1521 2640 1572 2678 22
