1823 3000
178 259 207 299 4
734 254 784 297 ΙΙ
846 253 1010 297 5-111
1071 257 1095 296 5

179 355 426 401 adstruere
460 358 623 400 autem
659 352 788 414 quod
815 352 880 398 sit
914 350 1218 412 splendidum
1253 364 1341 395 nec
1377 348 1646 396 molestum.

139 450 158 481 6
181 434 316 480 cuius
343 434 530 496 generis
558 449 680 494 quae
707 433 865 493 prima
887 431 1070 476 occasio
1097 430 1203 489 tibi,
1229 431 1443 475 conferas
1464 429 1518 475 in
1540 445 1651 475 eum

180 530 325 576 rogo3
361 513 560 560 habebis
594 529 683 569 me,
731 511 929 557 habebis
963 511 1125 572 ipsum
1161 511 1489 571 gratissimum
1526 509 1654 555 debi-

179 599 347 640 torem.
418 593 640 654 quamuis
680 592 809 637 enim
848 591 944 636 ista
970 606 1071 636 non
1110 590 1321 651 adpetat,
1369 595 1473 634 tam
1517 593 1653 649 grate

180 677 346 718 tamen
368 672 548 732 excipit
571 687 715 733 quam
739 671 780 716 si
802 670 1117 730 concupiscat.
1181 669 1303 716 uale.
1709 668 1737 713 5

876 789 964 834 III

289 886 334 926 C.
368 885 590 925 PLINIVS
625 883 944 925 CORELLiAE
980 881 1299 921 HISPVLLAE
1337 880 1477 921 SVAE
1515 879 1557 919 S.

145 998 161 1020 ι
284 970 407 1017 Cum
439 974 628 1031 patrem
658 974 812 1024 tuum,
839 966 1178 1028 grauissimum
1216 970 1266 1011 et
1301 964 1657 1010 sanctissimum

184 1051 358 1107 uirum,
386 1050 682 1111 suspexerim
705 1048 856 1109 magis
890 1063 953 1092 an
976 1046 1240 1092 amauerim
1264 1046 1481 1091 dubitem
1513 1051 1658 1106 teque

186 1135 236 1176 et
257 1130 310 1175 in
339 1129 621 1175 memoriam
648 1128 750 1174 eius
785 1132 834 1172 et
865 1127 917 1172 in
951 1126 1181 1172 honorem
1208 1130 1350 1170 tuum
1384 1125 1525 1170 unice
1555 1124 1658 1169 dili·
1685 1127 1744 1173 10

187 1224 309 1269 gam,
336 1208 527 1268 cupiam
551 1222 739 1252 necesse
765 1210 838 1252 est
861 1211 1007 1266 atque
1039 1205 1198 1260 etiam,
1226 1208 1463 1264 quantum
1497 1202 1550 1248 in
1582 1218 1659 1248 me

187 1288 347 1344 fuerit,
365 1288 521 1333 enitar
544 1292 601 1331 ut
623 1286 751 1331 filius
773 1291 888 1331 tuus
913 1301 1004 1330 auo
1029 1284 1198 1330 similis
1222 1283 1412 1339 existat,
1439 1281 1661 1343 equidem

189 1367 316 1412 malo
339 1372 586 1412 materno:
621 1381 915 1426 quamquam
946 1364 1020 1409 illi
1052 1368 1283 1424 paternus
1319 1363 1466 1408 etiam
1504 1361 1662 1407 clarus

189 1450 523 1506 spectatusque
547 1444 813 1504 contigerit,
838 1449 976 1504 pater
999 1458 1188 1503 quoque
1216 1447 1265 1487 et
1287 1447 1488 1502 patruus
1511 1440 1662 1485 inlus-

149 1550 167 1570 2
190 1526 254 1570 tri
280 1525 420 1570 laude
439 1524 692 1586 conspicui.
746 1524 920 1584 quibus
945 1524 1166 1569 omnibus
1189 1523 1260 1568 ita
1283 1523 1476 1568 demum
1492 1522 1663 1568 similis
1688 1524 1746 1570 15

191 1603 439 1660 adolescet,
487 1603 529 1648 si
573 1602 789 1648 imbutus
835 1602 1050 1647 honestis
1103 1602 1289 1647 artibus
1333 1601 1495 1659 fuerit,
1543 1616 1664 1662 quas

151 1708 169 1737 3
193 1684 456 1745 plurimum
490 1682 640 1728 refert
675 1699 704 1727 a
738 1698 832 1743 quo
867 1683 1172 1743 potissimum
1213 1681 1426 1741 accipiat.
1508 1680 1665 1726 adhuc

193 1767 334 1812 illum
371 1765 607 1827 pueritiae
631 1765 755 1809 ratio
778 1764 910 1808 intra
933 1762 1302 1808 contubernium
1324 1766 1464 1807 tuum
1487 1761 1662 1818 tenuit,

194 1851 523 1908 praeceptores
547 1844 676 1889 domi
698 1843 884 1900 habuit,
911 1843 995 1888 ubi
1018 1847 1090 1887 est
1114 1842 1356 1887 erroribus
1379 1841 1564 1886 modica
1587 1841 1667 1886 uel

196 1925 344 1970 etiam
384 1923 520 1968 nulla
561 1922 774 1966 materia.
846 1921 943 1965 iam
990 1920 1153 1965 studia
1189 1919 1291 1964 eius
1337 1923 1475 1963 extra
1519 1917 1668 1962 limen
1691 1919 1752 1964 20

196 2003 484 2066 proferenda
507 2007 633 2058 sunt,
660 2002 758 2045 iam
782 1998 1234 2059 circumspiciendus
1257 1997 1422 2043 rhetor
1445 1996 1666 2054 Latinus,

199 2085 336 2131 cuius
367 2083 554 2129 scholae
588 2081 832 2137 seueritas,
858 2079 1025 2141 pudor,
1051 2079 1104 2123 in
1134 2078 1303 2139 primis
1334 2077 1530 2123 castitas
1564 2091 1670 2122 con-

157 2197 176 2224 4
200 2170 308 2211 stet.
379 2162 515 2208 adest
549 2161 679 2206 enim
714 2159 1010 2205 adulescenti
1043 2164 1207 2204 nostro
1241 2173 1351 2203 cum
1382 2157 1551 2203 ceteris
1584 2172 1668 2200 na-

199 2253 338 2290 turae
361 2242 680 2300 fortiniaeque
703 2240 897 2285 dotibus
921 2238 1097 2284 eximia
1120 2237 1329 2298 corporis
1347 2236 1668 2298 pulchritudo,

202 2322 281 2369 cui
316 2321 368 2366 in
404 2321 493 2366 hoc
527 2319 711 2364 lubrico
751 2318 924 2363 aetatis
963 2333 1061 2362 non
1095 2322 1374 2377 praeceptor
1412 2315 1554 2360 modo
1587 2314 1670 2360 sed
1695 2321 1755 2364 ‘25

162 2424 180 2453 5
203 2407 362 2448 custos
398 2400 543 2446 etiam
579 2403 828 2458 rectorque
867 2395 1168 2457 quaerendus
1205 2400 1289 2442 est.
1360 2394 1527 2439 uideor
1560 2408 1672 2454 ergo

204 2481 531 2528 demonstrare
554 2479 646 2523 tibi
679 2492 815 2538 posse
850 2475 1033 2520 Iulium
1071 2474 1359 2520 Genitorem
1431 2477 1622 2518 amatur
1643 2488 1674 2518 a

285 2574 310 2611 3
336 2571 512 2610 habebis
539 2582 606 2609 me
633 2582 706 2610 om.
741 2572 774 2607 D
949 2570 971 2608 7
1001 2566 1314 2606 CORELLIAE
1344 2570 1402 2605 Fa.
1547 2563 1672 2602 COR-

204 2638 414 2678 NELIAE
444 2641 532 2682 Dpr
709 2635 981 2675 ISPVLLAE
1011 2639 1041 2674 F
1068 2647 1141 2674 om.
1169 2637 1204 2672 D
1391 2631 1440 2671 16
1468 2630 1674 2671 adolescet

205 2709 288 2753 Ppr
315 2702 524 2742 aduleseet
553 2712 581 2741 a
608 2701 809 2741 adolescit
837 2704 870 2739 D
