1823 3000
199 271 250 310 70
304 266 593 308 CORNVTVS
630 264 968 306 TERTVLLVS.
1018 264 1213 305 PRAEF.
1252 264 1475 304 AERARI.
1521 265 1670 316 [mla

200 376 292 403 nere
327 365 461 402 laudis
490 363 546 401 ad
581 362 786 410 exemplar
817 361 1084 410 antiquitatis
1118 362 1377 410 expressius?
1431 363 1539 411 quod
1566 364 1671 402 mihi

200 419 403 466 cognitum
422 421 480 454 est
498 416 724 464 masania,
745 425 829 463 qua
855 415 1014 462 alioqui
1041 415 1193 463 optima
1219 419 1258 452 et
1279 416 1540 453 meritissima
1558 416 1670 464 frui·

202 476 281 516 tur,
300 471 370 508 sed
397 470 524 516 longiis
548 469 784 516 magnisque
812 468 1108 515 experimentis.
1163 467 1229 514 §4
1256 478 1358 505 una
1387 467 1666 516 diligimus,

201 534 301 561 una
347 521 618 559 dileximus
664 530 838 556 omnes
893 518 996 556 fere
1049 530 1172 566 quos
1218 522 1355 558 aetas
1400 522 1576 559 nostra
1619 520 1672 559 in

200 577 414 623 utroque
479 584 601 611 sexu
670 571 997 610 aemulandos
1051 572 1199 618 tulit;
1265 584 1392 620 quae
1451 573 1672 613 societas

203 627 548 666 amicitiarum
579 624 842 663 artissima
874 636 965 662 nos
997 624 1360 663 familiaritate
1388 625 1668 666 coniunxit.

202 682 266 730 §5
293 679 512 718 accessit
537 677 800 715 uinculum
825 677 1225 715 necessitudinis
1247 677 1493 726 publicae.
1543 678 1674 717 idem

204 733 336 771 enim
377 731 513 776 mihi,
558 734 612 768 ut
652 730 765 777 scis,
808 729 1001 778 collega
1040 730 1184 778 quasi
1223 732 1344 768 uoto
1384 731 1580 779 petitus
1619 731 1675 770 in

203 786 526 836 praefectura
563 783 724 821 aerari
761 782 875 828 fuit,
909 783 1014 821 suit
1051 785 1098 820 et
1136 783 1189 820 in
1225 784 1514 822 consulatu.
1569 786 1675 823 tum

204 850 290 887 ego
323 837 409 886 qui
442 837 518 874 uir
549 839 596 874 et
624 838 841 883 quantus
869 838 1003 874 esset
1032 835 1288 874 altissime
1315 837 1530 885 inspexi,
1563 849 1674 876 cum

206 902 446 939 sequerer
482 892 536 927 ut
569 889 885 936 magistrum,
918 891 972 926 ut
1004 891 1265 936 parentem
1302 901 1527 935 uererer;
1570 891 1677 939 quod

205 957 285 982 non
304 949 386 981 tam
404 945 552 981 aetatis
572 943 805 980 maturitate
826 954 946 990 quam
963 943 1076 979 uitae
1096 943 1333 980 merebatur.
1378 954 1438 980 vn
1459 944 1508 980 21
1529 946 1549 991 ἓ
1571 945 1592 980 1
1615 942 1676 993 (to

207 997 434 1042 Tertullus)
457 997 608 1042 colleaa
636 994 914 1033 carissime.
975 995 1024 1032 31
1045 996 1066 1042 ς
1086 994 1108 1031 1
1141 995 1200 1041 (to
1218 994 1292 1032 the
1313 1006 1439 1042 same,
1465 1007 1518 1033 an
1543 996 1675 1034 intro-

207 1049 393 1097 duction)
432 1049 628 1087 Claudius
661 1049 795 1085 Pollio
825 1048 957 1084 amari
993 1060 1019 1084 a
1052 1053 1088 1084 te
1121 1049 1245 1096 cupit,
1287 1049 1433 1094 digmus
1466 1051 1536 1087 hoc
1572 1050 1675 1098 ipso,

207 1104 313 1152 quod
342 1104 466 1151 cupit,
502 1102 645 1139 deinde
672 1101 778 1149 quod
806 1101 891 1148 ipse
919 1105 954 1137 te
981 1101 1131 1147 diliyit.
1192 1111 1288 1148 pan.
1311 1101 1361 1139 90
1389 1102 1590 1140 concedite
1615 1113 1676 1139 me

207 1168 287 1194 non
313 1167 389 1204 pro
418 1167 476 1192 ‘me
511 1155 639 1202 magis
670 1165 827 1191 munere
859 1154 937 1190 isto
962 1165 1082 1201 quam
1107 1164 1185 1201 pro
1210 1154 1362 1201 collega
1387 1165 1471 1191 ‘meo
1501 1155 1677 1192 Cornuto

211 1209 390 1246 Tertullo
419 1208 642 1246 clarissimo
670 1208 762 1244 uiro
780 1206 918 1255 sunni.
975 1217 1046 1243 cur
1073 1207 1178 1242 enim
1205 1217 1284 1242 non
1307 1218 1383 1254 pro
1412 1207 1485 1244 illo
1518 1218 1675 1256 quoque

206 1263 364 1309 qratias
402 1272 533 1308 agyam,
583 1271 676 1307 pro
722 1269 816 1306 quo
857 1269 958 1295 non
999 1257 1166 1295 minus
1204 1257 1387 1296 debeo?
1435 1261 1679 1308 praesertim

208 1327 297 1353 cum
332 1314 703 1361 indulyentissinzus
743 1313 958 1360 imperator
995 1310 1047 1347 in
1084 1310 1357 1349 concordia
1401 1314 1576 1350 nostra
1620 1323 1678 1350 ea

208 1365 533 1416 praestiterit
579 1363 832 1407 ambobus
882 1375 1003 1411 quae
1046 1363 1089 1400 si
1128 1366 1326 1401 tantum
1366 1363 1417 1402 in
1459 1365 1677 1403 alterum

209 1419 535 1463 contulisset,
587 1417 758 1455 ambos
811 1419 978 1454 tamen
1040 1416 1326 1464 aequaliter
1380 1417 1675 1466 obligasset.

208 1479 420 1521 utrumque
456 1476 633 1509 nostrum
668 1471 739 1508 ille
777 1471 917 1518 optimi
955 1470 1146 1518 cuiusque
1183 1471 1380 1518 spoliator
1415 1475 1454 1508 et
1491 1471 1677 1520 carnifex

209 1526 411 1573 stragibus
441 1526 659 1562 amicorum
691 1528 729 1561 et
761 1524 805 1560 in
832 1523 1062 1571 proximum
1093 1523 1199 1560 iacto
1227 1523 1402 1570 fulmine
1432 1524 1676 1572 adflaverat.

209 1578 369 1616 isdem
397 1579 504 1615 enim
532 1575 710 1614 amicis
743 1575 1099 1623 gloriabamur,
1137 1574 1334 1613 eosdem
1362 1576 1580 1614 amissos
1606 1575 1676 1613 lu·

211 1631 459 1679 gebamus,
489 1642 536 1667 ac
563 1631 667 1667 sicut
694 1641 798 1666 nunc
827 1640 915 1676 spes
942 1629 1225 1676 yaudiumque,
1253 1629 1317 1665 ita
1343 1633 1436 1666 tunc
1461 1629 1678 1666 communis

212 1685 322 1722 nobis
342 1685 454 1721 dolor
471 1688 509 1720 et
528 1688 652 1720 metus
672 1687 774 1719 erat.
831 1682 1024 1718 habuerat
1045 1682 1149 1718 himo
1170 1682 1353 1719 honorem
1372 1682 1571 1730 periculis
1588 1693 1677 1719 nos-

213 1739 287 1775 tris
307 1737 426 1774 diuus
445 1736 599 1782 Nerua,
630 1740 675 1772 ut
699 1746 784 1778 nos,
812 1735 887 1772 etsi
907 1736 1038 1771 minus
1056 1739 1102 1771 ut
1122 1734 1251 1777 bonos,
1274 1745 1507 1782 promouere
1535 1735 1673 1782 uellet,

212 1791 311 1839 quia
330 1790 477 1826 mutati
495 1789 649 1826 saeculi
677 1789 835 1835 signum
863 1792 902 1824 et
930 1788 1000 1824 hoc
1026 1791 1137 1831 esset,
1164 1787 1271 1834 quod
1289 1788 1484 1835 florerent
1508 1798 1679 1836 quorum

207 1843 474 1892 praecipuum
496 1846 633 1878 uotum
658 1846 750 1878 ante
771 1841 914 1888 fuerat
940 1845 986 1877 ut
1014 1841 1224 1877 memoriae
1246 1841 1450 1888 principis
1476 1840 1676 1878 elaberen-

214 1902 292 1933 tur.
348 1895 397 1934 91
405 1926 499 1933 ......
507 1895 662 1931 tribuas
687 1895 861 1937 ueniam,
889 1893 994 1940 quod
1018 1894 1125 1929 inter
1155 1892 1251 1930 haec
1278 1893 1470 1942 beneficia
1490 1897 1562 1930 tua
1583 1904 1679 1940 yra-

214 1949 411 1986 tissimum
437 1952 495 1984 est
524 1948 636 1984 nobis
664 1946 771 1994 quod
797 1957 867 1982 nos
894 1957 1031 1982 rursus
1059 1945 1230 1993 collegas
1265 1957 1344 1982 esse
1376 1946 1560 1982 uoluisti.
1614 1946 1679 1983 ita

214 1999 401 2038 caritas
429 2001 614 2045 mutua,
647 2000 711 2036 ita
747 2009 963 2044 conyruens
1002 2002 1115 2035 tenor
1149 1999 1275 2042 uitae,
1305 1999 1369 2035 ita
1404 2009 1488 2035 una
1524 1998 1679 2036 eadem-

214 2066 290 2102 que
317 2054 425 2090 ratio
448 2052 649 2100 propositi
671 2052 866 2099 postulat,
891 2052 1004 2088 cuius
1033 2062 1083 2088 ea
1109 2051 1187 2095 uis,
1206 2055 1252 2087 ut
1279 2062 1428 2088 morum
1451 2051 1677 2089 similitudo

214 2104 518 2144 concordiae
546 2105 749 2141 nostrae
778 2104 950 2151 yloriam
980 2104 1140 2140 minuat
1170 2114 1222 2140 ac
1254 2101 1467 2150 perinde
1497 2103 1564 2141 sit
1593 2102 1677 2141 mi·

213 2171 333 2206 rum,
359 2157 402 2196 si
425 2158 555 2196 alter
580 2158 809 2194 nostrum
836 2167 860 2193 a
885 2155 1092 2203 collega,
1113 2167 1166 2193 ac
1187 2154 1229 2192 si
1249 2167 1273 2192 a
1293 2155 1470 2204 seipse
1489 2155 1680 2194 dissen-

214 2212 328 2249 tiat.
383 2223 464 2249 non
482 2222 572 2256 erqo
593 2210 876 2258 temporarium
894 2213 932 2246 et
949 2209 1126 2245 subitum
1144 2213 1203 2246 est
1222 2209 1326 2257 quod
1343 2212 1558 2256 uterquc
1586 2208 1678 2247 col-

213 2265 354 2313 legae
372 2262 647 2301 consulatu
666 2265 922 2308 tamquam
945 2259 1129 2298 iterum
1149 2272 1236 2298 suo
1262 2260 1564 2308 gaudet—nos
1583 2262 1680 2300 duos

214 2318 443 2356 consulatus
461 2316 684 2364 accepimus
702 2315 834 2359 simul,
854 2314 975 2351 simul
991 2315 1178 2361 yerz'mu&
1199 2313 1426 2363 alterque
1444 2313 1499 2352 in
1517 2314 1679 2353 altero

214 2369 408 2414 consul,
444 2367 528 2407 sed
559 2367 745 2405 iterum
776 2368 824 2404 et
851 2365 1044 2414 pariter
1075 2377 1263 2404 sumus.

291 2448 322 2486 1.
342 2447 393 2486 26
412 2449 464 2488 27
491 2459 547 2486 DE
568 2457 780 2486 comrvms
799 2457 952 2484 omen
969 2455 1314 2484 NEOESfflrATOEvs
1341 2457 1358 2484 1
1378 2446 1429 2484 10
1446 2447 1467 2494 ξ
1486 2447 1510 2486 9
1532 2444 1594 2494 (of
1607 2443 1681 2484 the

211 2503 471 2551 praefectura
500 2501 637 2538 aerari
665 2501 874 2542 militaris)
906 2499 1130 2547 distrinyor
1161 2498 1336 2537 officio
1372 2501 1425 2537 ut
1460 2498 1680 2538 maximo

216 2554 286 2592 sic
312 2552 699 2592 molestissimo:
727 2553 841 2590 sedeo
860 2563 938 2600 pro
965 2552 1177 2597 tribunali,
1199 2553 1364 2590 subnoto
1385 2552 1554 2598 libellos,
1586 2563 1677 2590 con·

206 2608 307 2657 ficio
344 2607 516 2652 tabulas,
553 2607 682 2644 scribo
720 2606 933 2654 plurimas,
979 2604 1049 2641 sed
1093 2605 1458 2642 inlitteratis-simas
1502 2605 1675 2644 litteras.

217 2660 406 2697 Gnsmm.
449 2659 473 2697 6
487 2661 508 2706 ξ
524 2657 548 2697 6
567 2659 670 2696 1.25.
714 2657 803 2696 The
815 2669 913 2705 very
931 2668 1046 2694 same
1063 2656 1157 2705 plea
1174 2656 1261 2695 had
1278 2657 1384 2695 been
1402 2655 1617 2696 overruled
1633 2655 1679 2694 in

215 2712 286 2752 the
305 2711 402 2750 trial
422 2712 465 2750 of
482 2711 641 2749 Marius
653 2710 819 2749 Priscus
830 2722 858 2748 x
870 2711 893 2748 3
906 2709 942 2747 A
955 2711 1013 2759 (=
1026 2710 1090 2756 20)
1106 2720 1187 2750 Λα).
1204 2710 1255 2750 99
1273 2711 1332 2759 (to
1352 2709 1523 2759 Trajan)
1542 2711 1563 2758 ἓ
1580 2710 1602 2748 1
1619 2709 1680 2758 (ut

1813 1934 1823 2169 ---l-..unn-u—
1813 1864 1823 1922 ,Αι-
1818 1828 1823 1839 -
