1823 3000
129 267 170 315 5]
397 262 703 303 VOLVMmA.
756 262 972 303 PLINY’S
1007 262 1311 304 RHETORIG.
1541 266 1592 303 83

120 363 264 408 potest,
297 363 417 407 atque
444 359 510 396 ita
536 369 563 396 a
583 357 724 406 priore
747 357 823 395 illo
848 358 942 395 uiro
959 358 1068 408 forti
1091 358 1199 397 dici.-
1233 357 1278 396 si
1305 357 1471 407 placet
1498 359 1592 405 lex,

126 423 226 450 non
242 410 416 459 redd0;
444 410 487 448 si
512 422 613 448 non
637 409 817 459 placet,
841 422 942 448 non
967 409 1132 448 reddo.
1190 410 1365 459 Quintil.
1386 423 1440 449 n1
1460 412 1482 450 1
1502 414 1523 461 ἓ
1543 414 1591 450 21

126 465 291 513 scripsit
319 464 367 502 de
395 464 533 502 eadem
559 464 735 501 materia
754 461 1475 513 [rhetoric]...adcuratius...aetatis
1503 478 1592 504 ‘nos-

127 523 214 556 trae
239 518 453 565 Veryinius
479 515 683 554 Plinius
710 517 909 554 Tutilius.
964 527 1010 554 Χῖ
1029 518 1052 555 3
1072 518 1094 565 ξ
1114 517 1190 555 143
1211 522 1347 566 toyam
1363 523 1520 557 ueteres
1540 519 1595 557 ad

126 571 282 609 calceos
309 581 433 618 usque
461 570 740 617 demittebant,
772 574 820 608 ut
849 570 998 608 Graeci
1019 571 1228 619 pallium:
1267 572 1390 620 idque
1421 576 1470 609 ut
1492 573 1589 622 fiat,

125 624 199 673 qui
218 625 266 661 de
284 628 399 671 yestu
417 624 666 672 scripserunt
691 624 804 661 circa
823 627 1002 671 tempora
1021 625 1111 672 illa,
1133 624 1296 662 Plotius
1316 625 1594 674 Niqidiusque

118 677 394 726 praecipiunt.
451 687 530 724 quo
559 676 689 724 magiis
716 677 843 714 miror
869 675 1007 713 Plini
1029 676 1248 715 Secundi
1275 676 1413 715 docti
1439 677 1594 716 homi-

123 729 203 767 nis
231 732 279 767 et
302 729 356 766 in
379 728 470 767 hoc
496 727 674 776 utique
698 727 829 766 libro
854 740 1012 777 paene
1040 729 1196 768 etiam
1223 728 1436 768 nimium
1469 731 1594 769 curi-

124 780 200 820 osi
219 783 534 830 persuasionem,
560 783 630 830 qui
659 783 824 821 solitum
846 783 893 820 id
909 783 1052 832 facere
1076 783 1308 821 Ciceronem
1330 785 1596 822 uelandorum

123 836 310 873 uaricum
339 836 480 882 qratia
516 835 658 874 tradit.
718 835 836 883 §148
871 847 947 884 quo
980 837 1110 884 mayis
1144 838 1269 875 miror
1299 837 1402 875 hanc
1438 849 1594 887 quoque

122 889 366 926 succurrisse
395 887 567 925 Plinio
597 900 751 934 curam,
771 894 818 926 ut
836 889 901 926 ita
919 889 1088 927 sudario
1107 890 1289 939 frontem
1313 891 1465 928 siccari
1484 892 1594 930 iube-

122 945 195 988 ret,
215 952 264 979 ne
283 953 415 979 comae
436 942 710 987 turbarentur,
729 953 830 990 quas
851 943 1033 991 componi
1046 947 1140 991 post
1153 944 1341 992 paulum,
1361 945 1486 982 sicuti
1507 945 1594 993 diy-

122 1006 218 1032 num
235 999 337 1039 erat,
356 996 544 1043 yrautter
563 1000 602 1032 et
626 1007 762 1033 seuere
781 996 938 1034 uetuit.=
987 994 1028 1033 If
1052 994 1108 1033 he
1126 994 1162 1033 is
1183 998 1329 1034 meant
1347 995 1394 1034 in
1414 1008 1467 1034 111
1486 997 1511 1034 4
1530 999 1551 1045 ξ
1571 998 1595 1034 2

125 1046 245 1098 (nunc
278 1049 454 1085 maximo
486 1053 705 1097 temporum
736 1053 962 1086 nostrorum
991 1050 1171 1097 auctore)
1211 1048 1285 1087 the
1319 1049 1594 1099 compliment

122 1101 238 1138 must
255 1100 381 1149 apply
399 1102 445 1139 to
463 1099 532 1138 his
551 1100 720 1148 general
740 1100 973 1139 eminence.
1031 1101 1245 1142 TEUFFEL.

201 1185 241 1221 P.
266 1186 290 1221 8
317 1180 344 1221 1.
370 1182 392 1219 1
420 1193 633 1220 vommmA
650 1181 713 1222 Pl.
736 1181 779 1222 h.
803 1193 845 1222 n.
869 1184 890 1231 ἓ
911 1183 960 1222 17
981 1181 1092 1220 cited
1110 1185 1131 1231 ξ
1152 1182 1176 1222 6
1207 1182 1236 1222 1.
1254 1183 1290 1223 7.
1325 1183 1502 1232 Quintil.
1525 1195 1553 1222 x
1573 1185 1594 1222 1

122 1235 213 1282 §45
239 1234 268 1272 1.
300 1236 350 1273 31
370 1247 413 1274 n.
444 1237 598 1286 βιβλία,
640 1238 847 1286 κύλινδροι.
908 1235 998 1274 The
1031 1235 1108 1274 4th
1137 1236 1246 1274 book
1279 1236 1322 1275 of
1350 1237 1423 1275 the
1455 1237 1595 1276 Philo-

123 1287 290 1334 demian
318 1287 500 1326 rhetoric
532 1288 570 1326 is
600 1287 647 1326 in
673 1290 756 1327 two
785 1288 944 1335 scrolls,
974 1288 1207 1329 Philodem.
1229 1292 1318 1340 περὶ
1352 1293 1493 1329 κακιῶν
1521 1290 1550 1330 1’.
1568 1302 1595 1329 x

123 1341 208 1380 fills
243 1353 323 1380 one
360 1341 484 1379 seron
517 1340 581 1393 (25
620 1341 842 1390 columns),
875 1341 949 1380 the
977 1342 1248 1392 elephantine
1278 1343 1440 1381 Homer
1466 1355 1594 1394 papy-

122 1406 194 1433 rus
227 1394 390 1443 (philol.
423 1406 532 1433 mus.
568 1406 584 1433 1
616 1396 693 1435 177
724 1398 830 1444 seq.)
856 1395 907 1435 Π.
943 1407 1042 1435 mv
1070 1396 1297 1436 127—end.
1358 1396 1443 1436 DS.
1466 1408 1484 1436 1
1511 1409 1596 1436 was

124 1446 290 1486 divided
318 1447 495 1486 because
525 1448 568 1485 of
594 1448 651 1486 its
680 1447 828 1497 length
859 1448 952 1487 into
981 1450 1062 1487 two
1093 1449 1250 1498 scrofis,
1289 1450 1334 1487 of
1357 1449 1494 1488 which
1523 1450 1594 1490 the

124 1500 275 1539 second
309 1507 358 1550 (c.
380 1503 448 1550 42)
474 1500 621 1549 begins
653 1504 722 1549 τῆς
754 1503 910 1552 πρώτης
941 1504 1018 1540 τῶν
1050 1502 1241 1553 Διοδώρου
1272 1505 1424 1554 βίβλων
1459 1505 1521 1542 διὰ
1550 1506 1595 1543 τὸ

122 1555 286 1603 μέγεθος
325 1557 374 1594 εἰς
411 1556 478 1593 δύο
509 1556 673 1605 βίβλους
712 1557 952 1604 διῃρημένης.
1013 1555 1066 1594 ad
1093 1556 1279 1595 Herenn.
1306 1567 1322 1594 1
1355 1558 1376 1604 ἓ
1407 1558 1458 1597 27
1485 1569 1592 1595 nunc

124 1609 314 1656 quoniam
343 1607 469 1646 satis
487 1606 638 1646 huius
666 1608 952 1647 uoluminis
974 1608 1268 1657 magnitudo
1294 1609 1467 1658 creuit,
1493 1622 1592 1649 com-

122 1661 277 1699 modius
296 1666 355 1699 est
381 1660 434 1698 in
463 1659 623 1699 altero
650 1661 779 1699 libro
798 1663 845 1700 de
871 1663 1013 1700 ceteris
1037 1663 1154 1709 rebus
1181 1663 1367 1712 deinceps
1387 1675 1593 1713 exponere,

122 1724 172 1751 ne
199 1725 281 1762 qua
303 1720 473 1763 propter
507 1715 811 1753 multitudinem
848 1716 1080 1753 litterarum
1109 1717 1242 1764 possit
1271 1717 1452 1754 animum
1481 1722 1594 1754 tuum

124 1766 366 1816 defatiyatio
396 1768 618 1806 retardare.
675 1767 757 1808 Cio.
783 1767 904 1807 Tusc.
927 1779 982 1806 111
1011 1770 1031 1816 ἓ
1057 1768 1081 1807 6
1116 1770 1259 1807 tertius
1290 1770 1376 1807 dies
1410 1770 1593 1819 disputa-

126 1821 248 1858 tionis
277 1821 349 1859 hoc
376 1821 542 1859 tertium
566 1819 805 1860 uolumen
838 1822 991 1870 efficiet.
1022 1821 1190 1859 Ritschl
1209 1834 1350 1871 opusc.
1377 1833 1394 1860 1
1421 1822 1592 1861 185-6,

123 1871 216 1912 Liv.
237 1884 337 1911 xxxr
358 1873 381 1911 1
400 1875 421 1921 5
441 1875 479 1913 3.
520 1873 786 1918 MARQUARDT
808 1878 913 1913 rom.
938 1874 1222 1913 Alterthiimer
1240 1887 1267 1912 v
1287 1877 1341 1925 (2)
1364 1876 1454 1916 393.
1502 1875 1594 1914 Add

124 1923 213 1965 Liv.
243 1937 272 1964 x
302 1927 353 1965 31
384 1929 406 1975 ξ
435 1927 498 1966 10.
554 1926 664 1967 Tert.
690 1939 758 1968 an.
789 1927 812 1966 6
838 1929 1018 1966 Soranus
1045 1929 1280 1978 plenissime
1305 1941 1425 1979 super
1454 1931 1593 1968 anima

124 1985 406 2017 commentatus
438 1985 631 2029 quattuor
658 1980 1018 2020 uoluminibus.
1092 1981 1210 2019 Lact.
1232 1993 1250 2019 1
1281 1982 1357 2020 120
1387 1984 1593 2028 ueritatis,

124 2033 192 2069 cui
210 2032 453 2072 adserendae
478 2038 598 2082 atque
620 2035 892 2072 illustrandae
925 2041 1074 2084 septem
1102 2034 1364 2074 uolumina
1386 2035 1592 2087 (‘books')

126 2084 427 2126 destinauimus.
468 2086 587 2126 Hier.
605 2087 652 2124 in
673 2087 798 2127 Zach.
822 2087 850 2127 l.
874 2099 928 2125 111
947 2099 982 2127 c.
1007 2088 1057 2125 14
1079 2090 1136 2137 (vr
1155 2087 1250 2127 913e
1271 2087 1333 2128 ed.
1357 2088 1459 2128 Ven.
1473 2089 1593 2137 1768)

129 2136 338 2176 Cornelius
363 2151 518 2189 quoque
548 2141 730 2186 Tacitus,
758 2143 831 2190 qui
850 2146 945 2190 post
969 2142 1194 2190 Auyustum
1213 2154 1338 2191 usque
1359 2143 1414 2180 ad
1433 2147 1596 2180 mortem

124 2189 355 2230 Domitiani
373 2193 484 2231 uitas
508 2194 729 2232 Caesarum
748 2195 922 2242 triyinta
941 2193 1291 2233 uoluminibus
1313 2197 1518 2235 exorauit.

204 2284 233 2324 1.
259 2286 285 2323 2
321 2297 541 2325 omrossssn
576 2297 628 2325 AB
663 2298 938 2326 mammam
970 2299 1184 2326 msrrrvrr
1216 2300 1270 2326 Er
1298 2299 1492 2327 PERFICIT
1519 2288 1594 2328 fol-

124 2337 257 2376 lowed
289 2337 437 2377 herein
471 2339 526 2389 by
563 2339 742 2389 Quintil.
770 2353 833 2390 pr.
863 2343 884 2389 §
909 2341 932 2380 6
964 2342 1069 2391 quod
1101 2343 1323 2380 erudiendo
1352 2343 1476 2380 Getae
1511 2348 1592 2388 tuo,

126 2393 243 2429 cuius
265 2393 404 2441 prima
423 2398 535 2431 aetas
554 2394 818 2443 manifestum
842 2395 928 2433 iam
954 2396 1115 2442 ingenii
1137 2397 1269 2433 lumen
1292 2395 1484 2442 ostendit,
1513 2407 1595 2434 non

124 2445 294 2483 inutiles
314 2445 407 2493 sore
434 2446 531 2484 libri
557 2448 817 2493 uidebantur,
847 2459 945 2497 quos
975 2447 1035 2485 ab
1062 2447 1191 2496 ipsis
1221 2447 1424 2485 dicendi
1451 2448 1594 2487 uelut

124 2496 452 2536 incunabulis
478 2510 565 2548 per
593 2500 767 2548 omniS,
800 2512 903 2550 quae
928 2501 1042 2539 modo
1072 2502 1238 2550 aliquid
1267 2501 1422 2539 oratori
1445 2501 1594 2550 futuro

125 2550 353 2599 conserant,
381 2550 506 2589 artis
525 2551 584 2590 ad
612 2564 853 2591 summam
881 2553 989 2592 eius
1018 2554 1184 2602 operis
1213 2553 1491 2602 perducere
1520 2554 1593 2594 de-

126 2602 459 2641 stinabamus.
513 2605 609 2652 §21
639 2607 743 2644 liber
766 2607 920 2656 primus
949 2618 1009 2655 ea,
1043 2618 1146 2655 quae
1175 2611 1270 2645 sunt
1297 2612 1394 2645 ante
1423 2608 1594 2656 officium

123 2656 312 2703 rhetoris,
341 2658 576 2696 continebit.
630 2660 802 2697 secundo
824 2661 964 2709 prima
994 2659 1107 2709 apud
1131 2660 1328 2698 rhetorem
1347 2660 1588 2701 elementa...

125 2709 402 2748 tractabimus.
457 2711 479 2758 ἓ
499 2710 550 2748 22
582 2723 733 2750 ...unus
754 2711 844 2761 [the
865 2712 983 2762 12th]
1008 2713 1184 2762 accedet,
1206 2714 1254 2751 in
1272 2724 1350 2762 quo
1367 2713 1483 2752 ‘nobis
1502 2727 1592 2753 ora-

1333 2793 1461 2839 6—2
