1823 3000
206 241 258 282 98
301 236 568 278 POTEBAS.
608 235 871 276 PERDERE
898 235 1119 277 PERIRE.
1164 235 1447 277 JNTENTIO.
1480 237 1535 289 [V
1553 238 1669 280 1617

284 333 314 373 1.
334 333 384 370 23
413 342 593 371 Pomm
623 331 778 378 Zumpt
797 331 818 377 5
838 329 928 367 518.
985 327 1207 368 Gernhard
1232 340 1370 378 opusc.
1398 327 1530 379 (Lips.
1551 330 1670 382 1836)

204 397 233 489 ξ)
237 467 248 478 .
260 387 359 478 231th
376 386 414 424 2.
482 383 784 431 Haase-Reisig
820 393 861 431 p.
897 382 988 420 518.
1042 381 1220 420 Kiihner
1255 393 1290 419 11
1326 381 1418 421 930.
1472 383 1674 433 Kennedy

287 544 366 572 ms
392 542 524 570 nonis
552 542 636 569 NON
664 541 858 569 PERDERE
887 530 908 577 5
929 529 978 567 12
996 529 1025 568 1.
1047 529 1110 568 11.
1166 529 1232 568 He
1252 529 1406 569 offered
1425 531 1469 570 to
1487 531 1584 570 take
1605 531 1675 570 his

207 587 381 636 nephew
399 585 503 622 with
521 585 610 622 him
629 586 673 622 to
692 583 861 621 observe
879 582 952 620 the
971 582 1164 631 eruption
1183 582 1228 620 of
1243 583 1445 621 Vesuvius
1467 582 1526 634 (v1
1546 585 1595 624 16
1614 586 1676 633 §7

207 640 396 688 respondi
415 639 574 676 studere
593 648 652 674 me
677 637 811 680 malle,
831 640 869 673 et
889 637 1000 684 forte
1025 637 1111 684 ipse
1136 636 1243 684 quod
1266 637 1477 674 scriberem
1496 638 1675 676 dederat.

210 692 298 731 The
326 690 434 729 book
463 701 596 727 seems
623 691 668 726 to
694 688 802 726 have
829 687 934 725 been
964 687 1082 736 Livy,
1114 687 1170 725 ib.
1198 688 1249 725 20
1278 690 1298 736 5
1328 689 1350 726 5
1372 701 1494 737 posco
1529 691 1678 728 librum

212 746 302 784 Titi
321 744 423 781 Liui
442 748 482 780 et
500 743 620 791 quasi
643 753 718 790 per
736 742 863 778 otium
883 742 967 788 lngo
987 745 1110 789 atque
1130 742 1268 787 etiam,
1287 747 1334 779 ut
1354 754 1570 791 coeperam,
1603 754 1675 781 ex-

210 807 369 845 eerpo.
425 807 510 833 ecce
539 796 690 832 amicus
720 793 1034 837 auunculi‚...ut
1062 804 1120 830 me
1149 799 1188 831 et
1211 799 1376 832 matrem
1400 795 1592 841 sedentes,
1617 807 1677 834 me

210 861 305 888 uero
324 849 448 887 etiam
475 849 665 894 leyentem
688 847 814 891 uidet,
841 846 958 882 illius
975 846 1239 894 patientiam,
1269 848 1523 885 securitatem
1550 860 1679 886 meam

211 903 394 952 corripit.
448 901 581 938 nihilo
607 900 767 947 seynius
795 910 864 946 eqo
883 899 1062 936 intentus
1083 899 1127 935 in
1149 897 1323 950 librum).
1353 910 1370 936 1
1390 899 1440 937 13
1460 901 1480 946 5
1499 900 1525 937 4
1545 902 1676 950 queri-

213 961 281 994 tur
311 966 351 992 se
381 954 499 999 diem,
533 953 634 1002 quia
657 963 737 989 non
765 950 1055 999 perdiderit,
1087 950 1389 998 perdidisse.
1445 952 1529 991 Cic.
1550 952 1602 991 de
1620 965 1679 992 or.

213 1019 267 1047 111
288 1009 309 1056 5
331 1007 406 1046 146
427 1007 544 1044 diem.
602 1005 715 1051 Suet.
737 1003 819 1042 Tit.
841 1004 864 1041 8
887 1002 972 1053 (the
991 1003 1154 1041 famous
1174 1003 1352 1056 saying).

292 1100 321 1138 1.
342 1101 392 1138 23
423 1099 474 1137 24
500 1107 906 1137 PERDERE...PERIBB
936 1096 1028 1134 Ter.
1057 1096 1124 1135 ad.
1151 1097 1227 1135 134
1250 1099 1478 1147 profundat
1505 1098 1682 1148 perdat

213 1155 409 1204 pereat.
442 1151 593 1190 Catull.
610 1152 634 1189 8
651 1152 674 1188 2
689 1150 796 1187 Effis
811 1151 917 1199 quod
932 1151 1046 1187 uides
1061 1150 1264 1198 perisse,
1285 1150 1533 1198 perditum
1545 1153 1681 1190 ducas.

214 1207 306 1245 Liv.
326 1217 370 1243 lx
390 1206 439 1242 14
458 1207 478 1252 5
500 1205 549 1242 15
577 1203 780 1252 perdere
804 1204 921 1252 prius
942 1215 1061 1250 quam
1086 1202 1249 1250 perire
1275 1209 1472 1252 optantes.
1530 1203 1602 1243 Sil.
1621 1215 1684 1242 vn

217 1260 295 1298 524
322 1256 563 1307 perdendi
595 1257 716 1294 simul
746 1261 785 1293 et
816 1254 1060 1303 pereundi
1092 1256 1261 1293 ardebat
1289 1268 1433 1293 amore.
1490 1257 1614 1306 Cypr.
1635 1256 1684 1294 de

217 1313 308 1350 zelo
327 1313 352 1348 4
371 1317 410 1349 et
429 1309 581 1359 periit
602 1311 758 1358 primus
787 1314 825 1346 et
853 1307 1088 1355 perdidit.
1145 1307 1334 1346 Tiberius
1352 1309 1397 1345 in
1419 1308 1531 1358 (Tae.
1552 1321 1621 1347 an.
1640 1321 1684 1346 v1

219 1365 242 1404 6
263 1363 360 1412 and)
383 1363 496 1402 Suet.
518 1363 569 1401 67
589 1363 631 1399 di
651 1373 709 1398 me
729 1362 903 1409 deaeque
924 1362 1042 1408 peius
1062 1359 1274 1408 perdant
1293 1373 1414 1410 quam
1433 1363 1582 1400 cotidie
1607 1374 1682 1410 pe-

218 1418 319 1456 rire
346 1417 490 1454 sentio.
537 1414 658 1452 Titus
677 1414 723 1450 in
745 1413 857 1450 Suet.
879 1413 902 1451 9
923 1413 1206 1460 periturum
1232 1425 1272 1451 se
1287 1415 1425 1462 potius
1446 1427 1565 1463 quam
1582 1426 1638 1463 pe
1649 1427 1686 1451 1·-

220 1470 461 1562 ἓέῖιηαπι.
515 1467 682 1506 Petron.
703 1467 752 1506 89
771 1466 822 1504 55
851 1464 1081 1514 peritura
1111 1467 1237 1504 Troia
1263 1465 1487 1514 perdidit
1508 1468 1686 1516 primum

270 1535 323 1562 os.

301 1618 322 1664 5
349 1620 398 1654 17
423 1613 452 1651 1.
482 1613 533 1652 25
565 1623 822 1650 ῙΝΤΕΝΤῙΟΝΕ
851 1622 867 1649 1
896 1612 919 1649 3
947 1612 1012 1659 52
1041 1611 1443 1651 an...intentione
1474 1613 1538 1651 rei
1559 1612 1688 1661 sami-

225 1670 343 1708 liaris
379 1667 580 1706 obeundae
610 1667 758 1704 crebris
789 1665 1090 1703 excursionibus
1120 1666 1337 1703 anot-aris?
1374 1677 1408 1703 11
1442 1666 1466 1704 5
1498 1667 1564 1713 52
1589 1667 1689 1704 scri-

227 1723 369 1760 bentis.
428 1720 476 1757 10
504 1721 524 1767 5
550 1719 576 1756 4
605 1725 687 1756 tam
716 1719 906 1765 eruditos,
946 1723 1028 1754 tam
1059 1718 1286 1763 laboriosos,
1312 1722 1359 1756 ut
1387 1723 1544 1757 tantum
1570 1730 1689 1756 curae

224 1771 612 1819 intentionisque
641 1772 839 1820 suscipere
859 1776 897 1808 et
918 1772 1076 1819 possint
1102 1776 1140 1808 et
1164 1772 1308 1809 uelint.
1368 1771 1417 1810 19
1438 1773 1459 1818 5
1478 1772 1503 1808 4
1530 1772 1690 1809 audito-

225 1839 315 1866 rum
341 1825 568 1864 intentio
598 1825 832 1870 lanquescit.
892 1834 936 1860 1v
966 1824 988 1860 5
1008 1824 1029 1869 5
1049 1823 1086 1861 2.
1119 1823 1252 1871 9511
1280 1824 1497 1863 audientis.
1558 1824 1608 1861 13
1625 1826 1647 1871 5
1665 1824 1690 1860 2

229 1879 266 1929 (Ι
285 1891 354 1917 am
374 1877 537 1926 staying
564 1876 608 1914 in
627 1888 698 1924 my
717 1874 928 1913 Tusculan
952 1876 1072 1919 uilla,
1097 1878 1140 1913 to
1159 1874 1360 1924 complete
1380 1888 1403 1913 a
1423 1875 1536 1914 work
1554 1875 1692 1914 which

227 1933 251 1971 Ι
267 1931 373 1970 have
391 1931 436 1969 in
455 1929 602 1981 hand):
630 1941 770 1966 uereor
787 1930 903 1974 enim,
928 1940 975 1965 ue
994 1929 1030 1965 si
1052 1929 1154 1965 hanc
1175 1927 1517 1966 intentionem
1545 1930 1629 1967 iam
1646 1930 1694 1966 in

219 1986 306 2036 fine
325 1985 587 2027 intermisero,
608 1993 722 2029 ae9re
742 1992 948 2019 resumam.
1006 1991 1051 2017 rx
1071 1981 1121 2018 13
1141 1982 1161 2028 5
1182 1981 1245 2017 18.
1276 1981 1325 2018 18
1345 1983 1365 2029 5
1386 1982 1407 2018 1
1429 1993 1511 2030 qua
1534 1981 1693 2019 inten-

231 2038 388 2082 tione,
414 2048 491 2085 quo
509 2035 856 2082 studi0‚...le9eris
876 2034 1030 2070 libellos
1050 2045 1163 2072 meos.
1210 2033 1260 2072 26
1280 2035 1300 2081 5
1321 2034 1356 2072 6.
1390 2035 1438 2073 36
1459 2036 1479 2081 5
1499 2035 1537 2072 3.
1591 2045 1692 2083 pan.

233 2090 377 2138 7155.
437 2089 489 2126 In
517 2087 575 2125 all
601 2086 717 2125 these
743 2086 880 2134 places
907 2085 940 2123 it
968 2085 1137 2123 denotes
1163 2084 1234 2123 the
1262 2085 1406 2134 stra'm,
1435 2086 1568 2134 effort,
1597 2088 1693 2135 rapt

233 2142 318 2182 and
346 2141 423 2180 fixt
451 2139 659 2179 attention
689 2138 734 2177 of
765 2137 974 2185 eritieism‚
1009 2137 1270 2187 authorship,
1300 2138 1503 2178 business,
1561 2139 1615 2177 In
1633 2150 1650 2176 1
1669 2140 1694 2176 8

233 2198 254 2244 5
274 2197 324 2234 13
351 2192 705 2244 (intentionem
727 2192 981 2240 effectumque
1001 2192 1175 2229 muneris
1193 2192 1353 2241 nostri),
1383 2203 1424 2229 Π
1445 2193 1468 2232 7
1487 2193 1508 2240 5
1528 2193 1552 2230 3
1573 2193 1693 2239 (hauc

233 2250 305 2286 ille
324 2249 422 2291 uim,
448 2258 517 2284 seu
541 2257 619 2294 quo
642 2246 726 2282 alio
751 2245 906 2281 nomme
935 2244 1118 2281 uocanda
1147 2249 1204 2281 est
1236 2243 1457 2282 intentio
1494 2245 1695 2294 quidquid

233 2302 338 2340 uelis
360 2299 595 2349 obtinendi),
627 2309 724 2346 pan.
749 2297 798 2335 78
831 2295 942 2344 (haee
974 2308 1109 2345 nempe
1139 2295 1359 2335 intentio
1389 2303 1473 2345 tua,
1503 2303 1550 2335 ut
1579 2298 1693 2335 liber-

236 2360 357 2392 tatem
374 2363 530 2391 reuoces
548 2363 597 2388 ac
615 2349 796 2400 reducas)
822 2348 856 2388 it
881 2348 1186 2397 approximates
1204 2351 1248 2387 to
1267 2349 1337 2387 the
1361 2349 1532 2388 modern
1557 2361 1694 2395 sense;

236 2405 396 2453 though
423 2416 524 2442 even
550 2403 647 2441 here
675 2401 946 2440 ‘endeavour'
977 2400 1012 2438 is
1036 2400 1176 2439 rather
1200 2405 1355 2442 meant.
1414 2401 1583 2440 Certain
1601 2414 1692 2442 exit.

238 2471 307 2497 are
325 2457 432 2496 cited
451 2458 556 2495 from
575 2456 711 2494 Amm.
741 2453 824 2492 and
849 2451 929 2502 dig.
953 2453 997 2491 in
1016 2453 1117 2493 len.
1177 2454 1360 2492 Paucker
1379 2454 1480 2493 adds
1499 2454 1577 2504 dig.
1594 2465 1695 2491 xxxr

241 2513 290 2552 77
316 2512 366 2550 26
396 2512 441 2548 in
470 2521 583 2558 quem
609 2506 893 2546 uoluntatis
921 2506 1142 2545 intentio
1171 2508 1387 2555 dirigyatur.
1445 2510 1548 2556 Aug.
1573 2509 1691 2555 nupt.

240 2567 280 2602 et
305 2575 476 2611 concup.
508 2563 529 2599 1
551 2563 587 2600 1.
646 2573 680 2600 e.
703 2560 854 2599 Iulian.
884 2571 928 2597 1v
948 2560 983 2598 1.
1041 2571 1075 2597 e.
1098 2571 1174 2598 sec.
1204 2572 1308 2609 resp.
1329 2560 1406 2599 Iul.
1430 2571 1474 2598 rv
1493 2561 1581 2599 116.
1603 2560 1693 2599 123.

240 2616 320 2654 Iul.
340 2616 447 2654 cited
465 2615 518 2653 ib.
540 2615 628 2653 106.
651 2614 739 2652 119.
798 2612 990 2660 Allgayer
1008 2611 1110 2651 adds
1128 2611 1268 2650 Ambr.
1290 2612 1338 2651 de
1357 2613 1437 2652 Ios.
1460 2611 1698 2662 patriarcha.
1778 2600 1782 2603 v

244 2671 291 2707 11
312 2671 332 2717 5
351 2670 415 2707 52.
470 2668 572 2716 Aug.
594 2679 626 2707 c.
650 2665 834 2705 mendae.
860 2668 881 2713 5
902 2666 963 2702 18.
