1823 3000
161 238 213 277 64
300 236 590 277 IMAGINES.
654 235 857 275 ONERO.
912 235 1267 276 FAVENTIBVS
1295 234 1405 275 DIS.
1468 235 1639 286 [11:167

164 384 209 423 C·
243 331 270 436 1).
309 333 332 371 7
370 342 612 369 spoxsoREn
649 329 751 368 used
781 329 988 379 playfully
1021 329 1066 368 in
1101 330 1185 368 Cic.
1218 342 1281 379 ep.
1340 329 1514 381 (Schiitz
1547 330 1637 369 ind.

198 397 249 422 ιο.

246 466 267 512 §
287 470 309 504 7
328 464 355 504 1.
381 465 405 502 8
432 476 584 502 Avmm·
612 463 702 501 Iuv.
723 475 795 501 nv
813 463 865 500 44
884 475 927 501 n.

244 543 273 582 1.
305 545 328 583 9
349 554 472 580 Num
496 553 646 580 mecm
666 553 771 585 Qvon
789 553 986 580 NEsmssu
1005 554 1179 580 REcnvs
1205 554 1356 580 FVERIT
1383 541 1479 581 Sen.
1501 554 1566 592 ep.
1587 545 1639 582 88

165 599 186 644 ἓ
206 597 256 635 37
286 598 376 634 ideo
403 608 485 634 non
513 597 708 633 discentes
730 597 973 639 necessaria,
993 597 1094 644 quia
1119 608 1373 644 superuacua
1392 597 1637 635 didicerunt.

165 648 373 698 Didymus
400 650 526 686 wrote
546 647 650 686 4000
675 647 875 693 volumes,
905 647 1139 697 discussing
1157 648 1306 697 topies,
1339 660 1465 697 quae
1493 651 1638 688 erant

167 701 487 746 dediscenda,
517 700 561 738 si
590 699 762 739 scires.

247 774 274 813 1.
299 774 347 811 11
377 785 620 811 ΙΜΑΘΙΝΙΒνε
648 785 674 811 v
700 774 750 813 17
783 773 848 821 §6
880 775 1057 822 mireque
1089 775 1208 823 cupio
1241 786 1290 812 ne
1322 775 1472 812 nobiles
1509 775 1638 812 nostri

165 829 276 866 nihil
294 829 342 865 in
366 828 545 865 domibus
570 829 655 864 suis
676 827 894 876 pulchrum
920 828 1003 864 nisi
1031 826 1285 875 imagines
1315 829 1503 874 habeant,
1535 839 1638 876 quae

166 893 272 918 nunc
303 881 407 918 mihi
439 882 506 918 hos
543 881 817 918 adulescentes
848 881 971 917 tacite
1006 881 1172 917 laudare
1205 881 1416 917 adhortari
1449 885 1500 924 et,
1531 880 1638 928 quod

167 935 370 971 amborum
392 934 547 982 yloriae
567 934 669 970 satis
688 944 876 980 magnum
896 937 966 977 est,
987 944 1199 980 aynoscere
1223 933 1428 970 uidentur.
1484 944 1564 970 vnI
1585 933 1636 970 10

167 989 187 1035 ξ
208 987 231 1024 3
260 998 387 1034 neque
409 987 515 1024 enim
533 986 742 1023 ardentius
769 991 813 1022 tu
831 991 1084 1034 pronepotes,
1106 997 1226 1034 quam
1246 997 1316 1032 e90
1338 986 1480 1023 liberos
1502 986 1634 1034 cupio,

168 1041 310 1088 quibus
342 1039 485 1076 uideor
514 1051 540 1076 a
572 1050 655 1076 meo
687 1043 831 1087 tuoque
863 1039 986 1075 latere
1012 1049 1185 1086 pronum
1218 1038 1273 1074 ad
1301 1038 1465 1075 honores
1491 1040 1573 1076 iter
1600 1043 1639 1076 et

167 1093 314 1130 audita
335 1093 459 1129 latius
478 1093 642 1129 nomina
661 1097 698 1128 et
718 1103 797 1128 non
814 1091 969 1128 subitas
989 1089 1240 1138 imagines
1267 1091 1498 1128 relicturus.
1544 1090 1637 1128 Iuv.

169 1157 248 1182 vin
268 1146 290 1182 1
306 1157 348 1182 n.
369 1146 391 1181 2
406 1157 449 1182 n.
472 1145 493 1182 5
511 1156 555 1181 n.
576 1145 600 1183 8
615 1156 657 1181 n.
681 1144 729 1183 19
750 1155 793 1180 n.
816 1142 920 1182 6911.
942 1154 986 1180 XI
1007 1144 1055 1180 18
1069 1155 1111 1180 n.
1155 1142 1251 1179 VM.
1273 1154 1325 1179 111
1349 1145 1371 1182 7
1401 1145 1422 1190 ἓ
1443 1144 1491 1180 11
1521 1141 1638 1181 ima-

167 1197 339 1246 ginum
367 1199 603 1236 certamina.
643 1196 737 1235 Tac.
762 1195 806 1233 h.
827 1207 860 1232 11
883 1195 944 1235 76.
988 1195 1060 1234 Sil.
1083 1207 1121 1234 X.
1146 1196 1237 1234 568.
1273 1195 1349 1233 See
1369 1207 1451 1244 esp.
1471 1194 1543 1233 the
1563 1197 1638 1234 loc.

168 1253 283 1290 class.
304 1250 448 1299 Polyb.
464 1260 507 1287 v1
524 1250 586 1287 53.
616 1248 832 1287 Benndorf
841 1248 886 1286 in
901 1247 1133 1286 Denksehr.
1154 1247 1193 1286 d.
1207 1247 1323 1287 wien.
1345 1247 1474 1288 Akad.
1492 1259 1638 1286 xxvnl.

248 1333 467 1360 ormnem
516 1321 730 1359 ‘noblesse
766 1320 926 1369 oblige.’
982 1332 998 1359 1
1027 1322 1051 1358 8
1082 1322 1145 1369 §5
1183 1326 1242 1359 est
1278 1323 1386 1359 enim
1423 1321 1640 1371 [materiae

169 1377 317 1425 genus]
340 1376 468 1424 paulo
488 1376 608 1424 quasi
626 1375 844 1422 910riosz'us
865 1379 903 1412 et
923 1375 1070 1412 elatius
1086 1390 1097 1412 :
1127 1374 1367 1412 onerabit
1396 1375 1467 1413 hoc
1487 1377 1638 1414 modes-

170 1432 271 1467 tiam
288 1434 478 1466 nostram.
528 1429 578 1464 14
597 1430 618 1475 g
639 1428 688 1465 10
710 1428 780 1465 hoc
800 1429 931 1476 ipsum
950 1429 1126 1465 amantis
1147 1433 1206 1465 est
1224 1440 1303 1465 non
1323 1439 1532 1466 onerare
1551 1440 1640 1466 eum

170 1483 372 1520 laudibus.
420 1492 464 1519 1v
483 1481 506 1519 9
527 1483 547 1528 ξ
568 1481 591 1519 6
613 1479 716 1530 (told
735 1481 899 1528 against
917 1479 1037 1527 him).
1092 1491 1173 1518 vm
1193 1481 1242 1517 24
1261 1483 1282 1528 ἓ
1302 1481 1325 1517 8
1355 1482 1512 1518 accedit
1531 1483 1640 1530 quod

170 1536 246 1573 tibi
265 1540 466 1572 certamen
485 1540 542 1572 est
562 1539 690 1572 tecum
706 1547 718 1570 .-
749 1535 927 1571 onerat
947 1536 993 1571 te
1012 1535 1323 1581 quaesturae
1347 1535 1465 1571 tuae
1490 1533 1640 1582 fama,

170 1600 291 1637 quam
309 1599 358 1625 ex
383 1588 590 1636 Bithynia
616 1588 807 1635 optimam
829 1588 1037 1633 revexisti,
1066 1587 1245 1624 onerat
1275 1585 1640 1624 testimonium

169 1640 431 1690 principis,
470 1643 648 1677 onerat
678 1638 991 1683 tribunatus,
1027 1645 1229 1689 praetura
1259 1645 1382 1688 atque
1420 1641 1518 1678 haec
1548 1641 1641 1688 ipsa

171 1695 321 1742 leyatio
342 1694 460 1742 quasi
475 1694 704 1741 praemium
724 1693 837 1731 data.
896 1704 1044 1741 paneg.
1066 1693 1116 1729 24
1137 1703 1196 1740 pr.
1221 1695 1484 1730 onerasset
1511 1693 1641 1732 alium

170 1749 255 1784 eius
285 1747 391 1784 modi
424 1748 628 1784 introitus.
682 1746 732 1786 73
754 1744 827 1783 fin.
857 1745 1087 1783 onerasti
1124 1745 1325 1782 futuros
1359 1745 1638 1794 principes,

169 1801 238 1837 sed
257 1804 295 1837 et
316 1804 495 1848 posteros
525 1804 692 1836 nostros·
722 1810 815 1836 nam
843 1805 881 1836 et
912 1799 954 1836 hi
982 1799 1282 1847 aprincipibus
1307 1800 1390 1835 suis
1416 1801 1579 1845 exiyent
1595 1804 1642 1836 ut

170 1853 305 1890 eadem
325 1853 468 1889 audire
494 1857 733 1896 mereantur,
763 1857 802 1888 et
830 1853 897 1889 illi
926 1851 1035 1900 quod
1061 1863 1141 1889 non
1167 1852 1342 1888 audiant
1368 1852 1640 1899 indiynabun-

171 1911 252 1942 tur.
294 1904 366 1943 Ov.
390 1904 480 1941 her.
502 1904 551 1943 16
574 1905 648 1944 167
670 1903 801 1942 fama
822 1916 976 1953 quoque
996 1909 1054 1942 est
1073 1903 1228 1942 oneri.
1275 1903 1365 1941 Iuv.
1386 1915 1465 1940 vm
1486 1904 1640 1943 138-9

171 1959 321 2006 incipit
347 1959 524 2005 ipsorum
550 1962 691 1994 contra
722 1963 757 1994 te
787 1963 894 1995 stare
918 1963 1137 2005 parentum
1163 1956 1168 2006 Ι
1191 1957 1385 1994 nobilitas
1410 1957 1641 2005 claramque

163 2013 300 2061 facem
322 2011 532 2059 praeferre
559 2010 776 2058 pudendis.
835 2009 956 2047 Corte
989 2009 1090 2047 adds
1121 2009 1295 2057 Quintil.
1334 2008 1434 2048 decl.
1473 2009 1550 2049 269
1581 2021 1642 2047 me

171 2066 350 2101 onerat
404 2062 649 2100 maiorum
704 2073 928 2099 meorum
976 2061 1218 2110 dignitas,
1267 2064 1442 2099 onerat
1486 2063 1642 2111 prioris

171 2117 411 2154 consuetudo
442 2117 564 2163 uitae,
598 2116 774 2152 onerat
803 2117 927 2153 etiam
951 2114 1097 2152 fama.
1152 2114 1270 2152 Boet.
1304 2126 1416 2152 cons.
1438 2126 1491 2151 111
1518 2126 1643 2163 prosa

173 2170 196 2208 6
226 2169 298 2206 fin.
345 2168 445 2206 Luc.
478 2179 530 2205 111
559 2168 689 2205 21-3
712 2179 864 2216 poenas
895 2169 1004 2215 lonqi
1033 2169 1218 2205 Fortuna
1238 2168 1403 2216 fauoris
1430 2166 1435 2217 Ι
1459 2169 1588 2215 exiyit
1615 2179 1642 2205 a

170 2224 326 2268 misero,
351 2234 453 2270 quae
474 2226 586 2258 tanto
605 2220 827 2268 pondere
854 2220 1016 2258 famae
1039 2219 1044 2268 Ι
1069 2232 1130 2257 res
1144 2221 1295 2268 premit
1313 2221 1505 2257 aduersas
1517 2220 1642 2269 fatis-

173 2287 244 2325 que
270 2276 478 2324 prioribus
506 2279 633 2322 urget.
694 2273 853 2310 Gesner
882 2273 983 2310 cites
1013 2272 1096 2310 Cic.
1127 2273 1226 2311 fam.
1252 2284 1287 2309 11
1306 2274 1331 2309 4
1358 2274 1422 2320 §2
1451 2279 1510 2310 est
1537 2275 1644 2310 en1‘m

173 2329 249 2366 tibi
273 2329 414 2375 mauis
434 2328 677 2364 aduersaria
696 2327 919 2364 constituta
938 2331 976 2363 et
996 2330 1151 2374 parata
1173 2326 1425 2363 incredibilis
1446 2326 1644 2375 quaedam

173 2382 433 2429 exspectatio.

253 2447 278 2486 1.
307 2448 355 2484 12
393 2457 652 2485 nvnxnssvs
681 2456 752 2483 ms
789 2457 814 2484 a
844 2444 1080 2494 God-speed
1112 2456 1168 2483 on
1199 2443 1272 2483 the
1304 2444 1419 2494 boy's
1453 2444 1546 2483 first
1573 2456 1642 2483 en-

173 2502 316 2538 trance
334 2499 426 2537 into
445 2498 517 2537 the
543 2498 686 2536 world.
724 2498 835 2538 Suet.
862 2497 982 2536 Galb.
1006 2499 1054 2536 10
1087 2504 1133 2535 ut
1164 2500 1316 2536 nemini
1351 2499 1515 2536 dubium
1544 2503 1644 2536 esset

173 2555 324 2643 {ustum
345 2554 540 2644 {gignique
567 2558 608 2590 et
635 2550 943 2590 fauentibus
973 2550 1050 2589 dis
1079 2552 1224 2588 bellum
1247 2553 1415 2600 suscipi.
1469 2550 1643 2597 Brisson

193 2617 295 2643 orm.
316 2616 333 2642 1
433 2635 441 2644 .

254 2676 281 2716 1.
301 2677 349 2714 13
370 2688 509 2716 nones
530 2688 696 2716 Pium
716 2677 890 2726 Quintil.
906 2689 968 2715 XII
985 2677 1006 2715 1
1022 2688 1132 2715 none
1148 2688 1225 2715 can
1239 2676 1290 2716 be
1303 2688 1356 2716 an
1372 2678 1512 2716 orator
1523 2674 1599 2714 but
1618 2687 1644 2714 a
