1823 3000
137 198 191 238 26
651 198 803 241 XIIII
864 199 1038 242 3—XV
1072 202 1092 241 1

136 294 263 339 serui
303 295 551 353 fideliores,
601 298 894 344 concubinae
934 315 1042 344 cum
1079 299 1272 344 ululatu
1315 302 1364 344 et
1401 297 1608 344 clamore

134 380 436 421 concurrunt.
507 375 579 420 ita
602 381 651 420 et
682 377 877 421 uocibus
909 377 1147 422 excitatus
1179 383 1228 422 et
1254 382 1494 422 recreatus
1516 376 1608 423 loci

134 453 312 514 frigore
336 455 539 500 sublatis
562 455 711 501 oculis
742 456 1020 518 agitatoque
1052 472 1246 518 corpore
1269 457 1437 502 uiuere
1468 472 1532 516 se,
1557 462 1608 503 et

93 555 113 582 4
134 537 230 583 iam
254 544 417 584 tutum
449 544 564 597 erat,
591 540 858 587 confitetur.
931 541 1193 601 diffugiunt
1215 541 1366 600 serui3
1401 557 1606 602 quorum

1663 625 1690 669 υτ

134 632 308 678 magna
329 634 441 678 pars
465 620 790 680 conprehensa
813 625 897 678 est,
926 621 1074 666 ceteri
1107 621 1434 682 requiruntur.
1505 619 1607 681 ipse

133 698 296 756 paucis
321 698 489 744 diebus
520 715 659 759 aegre
683 700 906 745 focilatus
930 716 1027 745 non
1061 700 1164 746 sine
1200 701 1399 746 ultionis
1433 700 1607 745 solacio

95 796 112 823 5
134 777 348 835 decessit,
373 779 445 824 ita
474 781 619 824 uiuus
653 780 929 825 uindicatus
963 785 1020 825 ut
1054 780 1195 825 occisi
1232 781 1400 826 solent.
1472 780 1608 825 uides

133 864 251 918 quot
286 858 521 919 periculis,
549 865 667 920 quot
701 860 1018 917 contumeliis,
1045 864 1163 920 quot
1196 859 1420 905 ludibriis
1457 859 1608 905 simus

133 940 330 985 obnoxii
339 957 351 998 3
399 956 486 986 nec
521 946 593 986 cst
628 942 755 1002 quod
790 941 1045 1001 quisquam
1079 941 1229 1002 possit
1263 955 1365 986 esse
1398 954 1604 995 securus,

132 1019 246 1080 quia
274 1020 337 1066 sit
372 1022 597 1068 remissus
633 1028 681 1068 et
714 1023 869 1068 mitis:
907 1038 1005 1068 non
1034 1022 1164 1067 enim
1197 1021 1376 1067 iudicio
1405 1021 1603 1078 domini,
1633 1018 1693 1064 10

92 1115 111 1145 6
133 1100 215 1145 sed
249 1101 423 1147 scelere
446 1103 764 1162 perimuntur.
836 1118 1007 1147 uerum
1030 1102 1147 1147 haec
1171 1102 1415 1147 hactenus.
1488 1102 1606 1163 quid

131 1183 377 1238 praeterea
420 1180 566 1226 noui?
623 1181 770 1241 quid2
818 1181 943 1226 nihil
959 1197 971 1239 3
1024 1181 1204 1242 alioqui
1238 1181 1604 1242 subiungerem:

131 1273 241 1303 nam
266 1264 315 1304 et
338 1259 505 1305 charta
537 1260 694 1306 adhuc
728 1268 945 1322 superest
980 1266 1030 1307 et
1064 1262 1164 1306 dies
1197 1260 1398 1306 feriatus
1421 1261 1609 1321 patitur

130 1336 271 1397 plura
317 1339 524 1385 contexi.
609 1339 782 1385 addam
830 1341 959 1401 quod
1011 1345 1281 1400 opportune
1328 1339 1387 1385 de
1440 1339 1605 1385 eodem

131 1415 397 1462 Macedone
443 1419 690 1463 succurrit.
764 1434 872 1463 cum
920 1419 972 1463 in
1016 1419 1208 1478 publico
1257 1418 1441 1464 Romae
1477 1418 1605 1464 laua-
1632 1419 1690 1464 15

131 1500 278 1552 retur,
319 1497 548 1542 notabilis
592 1502 740 1559 atque
781 1499 942 1555 etiam,
983 1504 1040 1544 ut
1077 1499 1239 1544 exitus
1275 1498 1453 1554 docuit,
1491 1498 1606 1543 omi-

91 1593 107 1619 7
131 1591 247 1620 nosa
291 1592 367 1621 res
414 1577 600 1623 accidit.
672 1594 816 1639 eques
863 1579 1114 1624 Romanus
1159 1594 1189 1623 a
1230 1593 1370 1624 seruo
1410 1578 1514 1623 eius
1549 1582 1606 1622 ut

129 1656 391 1701 transitum
416 1656 552 1702 daret
588 1674 736 1702 manu
772 1658 946 1704 leuiter
976 1658 1253 1703 admonitus
1281 1657 1522 1703 conuertit
1555 1673 1606 1703 se

128 1751 215 1781 nec
240 1752 446 1794 seruum,
473 1753 502 1782 a
526 1753 620 1797 quo
649 1744 754 1783 erat
787 1743 959 1794 tactus,
987 1738 1069 1784 sed
1103 1739 1260 1798 ipsum
1286 1738 1603 1784 Macedonem

129 1820 230 1859 tam
272 1817 488 1875 grauiter
522 1817 682 1876 palma
724 1817 962 1877 percussit
1012 1822 1068 1862 ut
1115 1833 1267 1878 paene
1315 1817 1600 1863 concideret.
1629 1819 1688 1864 20

89 1912 106 1941 8
131 1894 200 1939 ita
236 1895 480 1940 balineum
521 1896 594 1940 illi
626 1897 763 1957 quasi
800 1913 886 1957 per
919 1897 1097 1958 gradus
1129 1897 1360 1958 quosdam
1391 1898 1602 1958 primum

131 1975 449 2020 contumeliae
473 1976 616 2033 locus,
644 1976 816 2022 deinde
840 1977 981 2021 exitii
1004 1977 1109 2024 fuit.
1183 1977 1302 2024 uale.

816 2115 921 2161 XV

357 2211 400 2249 C.
446 2211 670 2250 PLINIVS
714 2211 860 2251 SILIO
902 2211 1156 2251 PROCVLO
1199 2212 1300 2252 SVO
1340 2212 1378 2252 S.

88 2327 104 2351 x
231 2296 365 2342 Petis
387 2302 446 2342 ut
478 2297 664 2343 libellos
697 2302 807 2343 tuos
830 2297 883 2343 in
916 2313 1102 2344 secessu
1136 2298 1304 2360 legam,
1332 2298 1602 2345 examinem
1627 2309 1687 2354 25

209 2401 233 2440 6
285 2413 406 2449 aegre
443 2400 638 2439 focilatus
675 2404 780 2440 ΜΠ
815 2402 1006 2440 Riccard.
1073 2412 1193 2449 aegre
1229 2400 1487 2440 refocillatus
1523 2412 1604 2449 pra

130 2470 192 2506 est
214 2467 454 2506 refocilatus
473 2471 506 2507 D
562 2467 710 2506 solatio
730 2471 807 2507 MV
959 2469 1009 2506 20
1035 2468 1176 2516 palma
1194 2471 1304 2515 Ppra
1356 2468 1499 2516 palam
1525 2471 1603 2508 m>

131 2533 312 2583 palamq.
345 2537 381 2572 V
505 2535 556 2572 22
585 2534 686 2572 exiti
712 2538 746 2574 D
871 2535 922 2572 24
953 2531 1098 2574 SILIO
1126 2548 1201 2574 om.
1231 2538 1453 2583 merpra.
1481 2536 1600 2575 ‘Ric-

132 2602 352 2640 cardianus
383 2603 429 2640 in
461 2602 545 2641 ind.
573 2598 723 2641 Silium
753 2602 978 2640 Proculum
1009 2601 1156 2641 uocat?
