1823 3000
204 240 255 277 82
475 237 693 277 INIVRIA
731 236 1070 279 OBLIVIONIS.
1131 237 1402 279 STVDIOSI.
1529 239 1582 289 [V
1600 240 1625 278 4
1646 241 1670 279 5

206 332 331 372 Hom.
367 332 602 382 εὐρυκρείων.
658 342 694 367 11
722 330 747 368 2
778 331 801 370 9
832 329 991 368 latius
1017 342 1168 378 reynes.
1222 330 1332 370 Flor.
1363 342 1398 368 11
1425 331 1448 369 5
1479 331 1545 379 §4
1571 331 1674 370 late

207 387 434 424 domantur.
489 396 534 422 Π
561 385 585 422 3
612 383 702 431 §65
731 388 777 421 ut
808 381 965 420 latius
997 382 1238 422 uinceret.
1295 385 1318 424 9
1348 384 1414 431 §5
1443 383 1545 423 late
1574 387 1673 423 ceci-

207 439 346 476 disset.
401 437 542 476 Gonu:
561 435 646 475 and
666 435 839 474 Gmme.
894 447 947 473 111
967 435 1018 474 10
1036 437 1057 484 §
1076 437 1100 474 3
1119 447 1160 476 n.

287 518 317 556 1.
338 517 389 557 26
417 527 642 555 ΜΕΜΟΒῙΑΜ
671 525 775 553 svm
803 514 891 553 also
919 514 982 553 sui
1009 527 1036 554 v
1055 514 1079 553 5
1105 515 1183 562 §4.
1225 526 1287 552 vn
1306 515 1356 552 31
1386 516 1449 562 §5
1478 516 1592 554 cuius
1619 528 1670 555 m.

210 570 333 631 Corte
352 582 407 609 on
429 569 529 610 Sall.
551 567 673 608 Catil.
702 569 751 606 31
781 569 861 616 59.
917 567 1002 606 Cic.
1028 567 1145 606 Verr.
1177 579 1204 606 v
1228 569 1249 615 §
1270 567 1345 608 176
1385 569 1675 618 tua...fiducia,

195 649 199 654 -
216 626 283 662 ‘m
300 622 410 673 you?

288 695 317 735 l.
355 696 406 736 27
447 705 612 733 mmm
641 704 877 732 ossmvtoms
918 692 1165 742 descriptive
1197 705 1288 742 gen.
1345 692 1550 743 Kennedy
1585 694 1676 732 413.

211 760 256 788 VI
287 749 313 786 4
342 749 364 796 §
395 748 421 786 4
465 759 556 785 cum
592 745 855 785 absentiae
894 751 978 784 tum
1017 746 1349 785 infirmitatis
1394 749 1510 784 tuae
1556 748 1677 785 ratio.

212 813 312 852 pan.
340 801 392 839 30
418 799 658 838 iniuriam
684 800 934 838 sterilitatis.
989 799 1094 837 Aen.
1124 811 1141 836 1
1171 801 1220 839 27
1251 800 1525 848 spretaeque
1554 797 1680 838 iniu-

213 854 288 893 ria
306 854 506 893 formae.
556 863 610 890 111
629 853 705 891 255
724 858 961 901 nostraeque
981 851 1168 890 iniuria
1186 851 1365 891 caedis.
1421 851 1681 890 Miihlmann

213 908 375 946 iniuria
402 906 478 945 col.
511 906 682 946 975—6.
739 904 823 943 Cic.
844 904 950 943 Phil.
975 916 1011 942 11
1029 906 1050 953 §
1070 906 1121 944 78
1140 917 1184 943 n.
1238 904 1406 943 Holden
1426 916 1481 942 on
1503 903 1586 942 Cic.
1608 904 1677 944 off.

215 972 232 998 1
253 960 330 998 152
349 960 376 998 1.
401 960 437 998 8.
471 970 525 996 111
543 960 564 1006 §
583 958 634 996 41
656 958 685 996 1.
706 957 771 996 30.
828 957 911 995 Cic.
933 957 1030 996 fam.
1059 969 1140 995 xm
1168 957 1219 996 55
1249 959 1270 1005 §
1292 958 1313 994 1
1347 959 1526 996 cumulus
1559 969 1681 995 com-

215 1011 554 1051 mendationis
572 1022 722 1050 meae.
770 1009 888 1048 Caes.
908 1009 948 1048 b.
969 1021 1003 1048 0.
1025 1021 1078 1048 m
1098 1011 1146 1050 72
1162 1011 1599 1060 parvulae...causae
1618 1011 1683 1048 uel

217 1066 378 1104 falsae
409 1063 720 1114 suspicionis
745 1064 813 1101 uel
839 1063 1053 1101 terroris
1083 1062 1339 1111 repentini
1366 1064 1433 1100 uel
1458 1062 1684 1101 obiectae

216 1117 498 1168 religionis,
533 1116 608 1155 Ov.
627 1128 684 1154 m.
706 1127 741 1154 11
759 1116 836 1155 836
856 1128 928 1154 nec
947 1127 1149 1154 causam
1172 1116 1312 1165 fassus
1342 1114 1542 1154 amoris.
1576 1115 1684 1154 Cels.

217 1183 282 1220 pr.
311 1183 328 1209 1
355 1183 396 1219 p.
426 1172 449 1210 5
479 1170 508 1207 f.
538 1169 734 1208 Daremb.
763 1181 879 1218 saepe
917 1170 1023 1206 enim
1059 1179 1240 1206 causas
1275 1180 1483 1217 apparere,
1512 1173 1559 1206 ut
1579 1173 1686 1218 puta

218 1222 564 1273 lippitudinis,
602 1222 843 1261 uulneris.
911 1221 1136 1270 Capitolin.
1170 1220 1263 1259 Ver.
1293 1220 1393 1269 imp.
1424 1221 1447 1259 5
1485 1222 1686 1259 animalia

221 1289 403 1316 auium.

300 1359 537 1387 osmvmms
565 1359 591 1386 v
610 1347 661 1385 10
679 1348 700 1395 §
720 1346 743 1385 6
774 1352 857 1384 tam
875 1351 1031 1395 parata
1057 1343 1250 1382 obliuio
1276 1349 1531 1383 mortuorum.
1590 1343 1686 1384 Sen.

222 1414 334 1442 cons.
357 1402 482 1441 Marc.
509 1401 532 1439 5
551 1402 572 1449 §
593 1401 615 1438 1
648 1401 795 1449 (Areus
822 1400 866 1437 to
891 1398 1030 1447 Liuia)
1061 1399 1129 1436 hos
1158 1399 1587 1447 nescire...loquantur
1608 1399 1687 1436 ali-

222 1457 325 1505 quid
353 1467 487 1493 coram
517 1459 554 1492 te
587 1454 634 1491 de
663 1454 799 1491 Druso
833 1464 888 1489 an
912 1452 1033 1499 nihil,
1070 1463 1118 1489 ne
1147 1456 1220 1488 aut
1249 1449 1440 1488 obliuio
1469 1451 1688 1488 clarissimi

222 1510 384 1547 iuuenis
403 1509 472 1546 illi
485 1507 625 1558 faciat
643 1507 842 1544 iniuriam
862 1510 935 1542 aut
953 1505 1100 1543 mentio
1122 1504 1208 1542 tibi.

309 1600 359 1628 sn
379 1600 428 1626 AB
449 1598 613 1626 mrva
630 1597 875 1625 ADSERERET
902 1596 919 1622 1
940 1585 962 1623 3
982 1586 1045 1632 §3
1066 1585 1312 1623 te...stucliis
1333 1582 1537 1622 adseris
1585 1595 1620 1621 11
1641 1584 1690 1621 10

224 1642 290 1691 §4
319 1643 418 1680 habe
439 1646 531 1679 ante
553 1641 684 1679 oculos
702 1638 1084 1682 mortalitatem,
1115 1649 1139 1675 a
1169 1648 1262 1685 qua
1289 1636 1519 1675 adserere
1546 1639 1593 1676 te
1619 1638 1690 1675 hoc

224 1707 305 1734 uno
323 1696 562 1734 monimento
575 1698 704 1743 potes.
764 1703 830 1731 see
849 1692 955 1730 lexx.
976 1691 1040 1728 for
1058 1689 1130 1729 the
1147 1689 1257 1739 legal
1274 1701 1360 1727 use.

306 1777 371 1824 §5
399 1784 588 1812 srvmom
615 1775 636 1821 §
657 1772 728 1810 21.
752 1771 802 1812 17
821 1783 865 1809 n.
921 1782 1001 1808 vm
1033 1771 1082 1808 12
1109 1771 1130 1818 §
1151 1770 1173 1808 1
1193 1771 1292 1808 colit
1310 1771 1461 1818 studia,
1496 1768 1686 1808 studio-

228 1839 308 1866 sos
357 1832 482 1865 amat.
549 1825 656 1864 Gell.
697 1835 741 1862 lx
788 1824 836 1863 16
871 1826 891 1872 §
919 1824 941 1861 1
982 1823 1147 1862 Plinius
1189 1823 1393 1861 Secundus
1437 1824 1690 1860 existimatus

227 1887 286 1919 est
316 1892 396 1918 esse
427 1880 577 1918 aetatis
607 1890 702 1916 suae
737 1878 1005 1915 doctissimus.
1060 1877 1125 1924 §2
1152 1877 1189 1914 is
1222 1876 1344 1914 libros
1376 1877 1560 1925 reliquit,
1594 1887 1692 1925 quos

229 1933 571 1972 studiosorum
597 1931 820 1979 inscripsit,
840 1942 920 1968 non
937 1930 1232 1979 mediusfidius
1251 1940 1537 1978 usquequaque
1557 1940 1691 1977 asper-

228 1987 395 2025 nandos.
449 1986 514 2033 §3
542 1985 590 2022 in
617 1984 679 2022 his
709 1984 825 2021 libris
852 1983 981 2020 multa
1005 1984 1123 2020 uarie
1154 1982 1208 2019 ad
1234 1982 1488 2020 oblectandas
1518 1982 1692 2019 erudito-

229 2051 319 2078 rum
353 2039 555 2077 hominum
582 2048 699 2075 aures
721 2037 853 2084 ponit.
909 2035 975 2082 §4
1001 2036 1124 2084 refert
1152 2036 1277 2072 etiam
1299 2035 1516 2084 plerasque
1541 2038 1691 2072 senten-

232 2094 327 2138 tias,
354 2103 453 2140 quas
471 2092 519 2129 in
540 2089 816 2128 declamandis
844 2089 1128 2126 controuersiis
1157 2088 1286 2136 lepide
1312 2091 1531 2135 arquteque
1561 2087 1692 2124 dictas

225 2150 363 2195 putat.
419 2145 440 2191 §
461 2144 484 2181 5
510 2143 635 2181 sicuti
655 2143 757 2180 hanc
776 2152 931 2190 quoque
950 2141 1194 2179 sententiam
1212 2141 1333 2188 ponit
1352 2152 1401 2178 eJ:
1422 2139 1693 2177 huiuscemodi

233 2197 532 2237 controuersia:
559 2196 648 2233 ‘uir
660 2195 786 2244 fortis
802 2195 998 2243 praemio,
1021 2193 1130 2242 quod
1152 2193 1368 2242 optauerit,
1389 2191 1569 2232 dmzetur.
1621 2192 1694 2241 qui

226 2252 398 2301 sortiter
407 2250 577 2300 fecerat,
595 2249 704 2297 petit
718 2248 888 2285 alterius
906 2257 1069 2284 uxorem
1086 2246 1134 2283 in
1149 2246 1448 2283 matrimonium
1467 2249 1506 2282 et
1523 2246 1693 2293 accepit.

235 2304 394 2349 deinde,
415 2303 511 2340 cuia
536 2312 637 2339 υτον
657 2301 759 2350 fuit,
783 2300 952 2348 fortiter
972 2299 1092 2348 fecit.
1146 2299 1294 2346 repetit
1319 2299 1482 2336 eandem
1493 2311 1508 2342 ;
1539 2302 1694 2336 contra-

235 2355 417 2395 dicitur!
470 2356 492 2402 §
511 2353 535 2393 6
569 2351 812 2401 ‘eleqanter’
830 2353 969 2401 inquit
990 2357 998 2372 ‘
1013 2357 1052 2388 et
1069 2351 1337 2400 probabiliter
1356 2363 1404 2388 ex
1425 2355 1546 2400 parte
1564 2355 1696 2399 poste-

235 2410 358 2447 rioris
378 2409 462 2446 uiri
478 2408 604 2457 fortis
626 2417 788 2444 umorem
808 2405 889 2442 sibi
914 2404 1030 2442 reddi
1051 2404 1315 2453 postulantis,
1342 2404 1414 2442 hoc
1438 2403 1592 2441 dictum
1612 2407 1696 2441 est:

238 2461 281 2500 si
308 2460 471 2510 placet
497 2459 588 2507 lex,
620 2457 793 2504 redde;
833 2456 875 2495 si
910 2468 1007 2494 non
1043 2456 1224 2505 placet,
1266 2454 1437 2494 redde.'
1492 2455 1696 2505 §7su9it

238 2520 372 2553 autem
389 2514 586 2560 Plinium,
615 2511 897 2549 sententiolam
921 2511 1057 2554 istam,
1085 2521 1205 2558 quam
1225 2510 1396 2557 putauit
1413 2520 1494 2546 esse
1519 2509 1706 2558 argutis--

238 2569 392 2611 simam,
421 2567 527 2604 uitio
554 2576 635 2603 non
661 2575 811 2609 carere,
840 2563 949 2611 quod
978 2563 1128 2600 Graece
1157 2561 1412 2610 ἀντιστρέφον
1439 2561 1604 2599 dicitur.
1658 2566 1698 2598 et

240 2625 299 2658 est
324 2620 474 2657 uitium
500 2618 740 2656 insidiosum
768 2621 807 2654 et
833 2616 904 2653 sub
929 2615 1045 2664 falsa
1077 2615 1211 2652 laudis
1241 2615 1371 2663 specie
1401 2615 1554 2658 latens;
1588 2613 1697 2651 nihil

241 2674 346 2711 enim
377 2674 508 2710 minus
539 2670 720 2709 conuerti
753 2681 800 2707 ea:
830 2669 1032 2707 contrario
1064 2667 1109 2705 id
1145 2668 1276 2716 ipsum
1310 2667 1501 2704 aduersus
1533 2666 1699 2704 eundem
