1823 3000
157 258 214 299 20
673 252 823 296 VIIII
884 254 1055 294 31—36

156 359 323 398 tamen
355 368 454 398 non
488 351 602 397 ordo
636 352 767 412 legis,
801 367 900 396 non
934 351 1081 411 legati
1114 366 1303 406 nomen,
1340 366 1439 394 non
1477 348 1632 410 inqui-

159 433 349 479 sitionis
394 433 604 478 officium
649 431 888 492 praesidio
942 431 1037 476 fuit
1061 449 1069 476 :
1128 436 1267 475 tanta
1320 429 1634 490 conflagrauit

158 512 347 558 inuidia
368 512 510 557 homo
542 511 723 572 alioqui
745 511 1010 571 flagitiosus
1034 517 1083 555 et
1119 510 1389 555 Domitiani
1411 509 1635 569 tempori-

160 593 250 637 bus
274 607 389 636 usus
412 603 469 635 ut
499 591 656 647 multi,
684 589 958 649 electusque
990 594 1107 633 tunc
1136 605 1164 633 a
1191 588 1441 648 prouincia
1471 587 1532 632 ad
1566 587 1636 632 in-

161 670 463 730 quirendum,
484 685 582 713 non
600 674 848 728 tamquam
865 667 1019 711 bonus
1035 672 1083 712 et
1101 667 1268 723 fidelis,
1290 667 1372 711 sed
1388 672 1636 726 tamquam

1691 676 1718 721 01

103 776 140 804 32
163 749 360 796 Classici
405 748 641 792 inimicus.
714 752 816 791 erat
861 746 922 790 ab
960 745 1043 790 illo
1084 745 1333 805 relegatus.
1405 744 1509 789 dari
1544 743 1638 789 sibi

162 830 291 875 diem
322 833 371 873 et
403 827 482 872 edi
513 827 715 872 crimina
746 826 1020 887 postulabat
1037 842 1050 883 3
1082 830 1311 869 neutrum
1339 823 1636 884 impetrauit,

164 913 354 954 coactus
382 914 454 953 est
490 906 655 951 statim
681 905 996 964 respondere:
1033 903 1294 964 respondit,
1321 902 1503 947 malum
1536 918 1640 963 pra-

163 1003 376 1048 uumque
400 987 647 1048 ingenium
663 985 870 1030 hominis
889 984 1007 1029 facit
1031 990 1087 1029 ut
1107 984 1324 1029 dubitem
1343 983 1641 1028 confidenter

104 1091 144 1120 33
164 1085 227 1115 an
257 1075 546 1124 constanter,
574 1072 701 1112 certe
738 1065 1050 1125 paratissime.
1123 1063 1308 1108 obiecta
1335 1067 1451 1108 sunt
1484 1062 1641 1107 multa
1667 1072 1725 1117 10

165 1165 287 1210 quae
311 1148 460 1208 magis
485 1162 628 1207 quam
654 1145 1000 1205 praeuaricatio
1019 1150 1287 1188 nocuerunt
1307 1160 1314 1187 :
1352 1143 1470 1203 quin
1494 1142 1640 1188 etiam

165 1226 261 1270 duo
307 1223 593 1278 consulares,
641 1221 938 1281 Pomponius
985 1220 1145 1264 Rufus
1201 1224 1250 1263 et
1307 1218 1429 1264 Libo
1475 1218 1638 1279 Frugi,

166 1304 408 1349 laeserunt
432 1317 542 1347 eum
564 1301 854 1358 testimonio,
880 1306 1129 1360 tamquam
1161 1299 1288 1360 apud
1311 1299 1519 1344 iudicem
1553 1300 1643 1344 sub

168 1383 450 1429 Domitiano
497 1382 631 1428 Salui
686 1380 922 1426 Liberalis
981 1380 1336 1425 accusatoribus
1394 1379 1637 1426 adfuisset.

110 1487 148 1516 34
169 1464 425 1509 damnatus
463 1468 512 1507 et
547 1461 601 1506 ‘m
639 1461 849 1506 insulam
891 1460 1131 1520 relegatus
1172 1465 1254 1506 est.
1327 1459 1493 1520 itaque
1533 1475 1642 1505 cum
1670 1468 1727 1513 15

171 1543 366 1589 Castam
411 1556 696 1595 accusarem,
747 1539 872 1584 nihil
929 1539 1080 1599 magis
1128 1539 1280 1600 pressi
1325 1556 1470 1599 quam
1517 1539 1645 1600 quod

169 1624 416 1666 accusator
471 1618 574 1663 eius
631 1617 1058 1678 praeuaricationis
1119 1617 1317 1662 crimine
1374 1617 1639 1662 corruisset.

169 1702 321 1762 pressi
361 1705 524 1745 tamen
557 1698 766 1744 frustra:
815 1697 990 1742 accidit
1025 1698 1155 1742 enim
1199 1712 1274 1742 res
1319 1696 1560 1742 contraria
1597 1702 1646 1740 et

170 1797 311 1838 noua,
336 1785 394 1825 ut
428 1783 701 1824 accusatore
736 1776 1159 1838 praeuaricationis
1193 1776 1420 1821 damnato
1453 1792 1535 1820 rea
1569 1776 1646 1820 ab·

114 1882 152 1911 35
172 1859 448 1906 solueretur.
522 1856 713 1917 quaeris
746 1856 863 1917 quid
888 1871 988 1912 nos,
1015 1855 1130 1900 dum
1154 1855 1269 1900 haec
1292 1855 1537 1915 aguntur?
1573 1854 1646 1899 in-
1670 1863 1732 1908 20

171 1932 438 1986 dicauimus
469 1937 660 1982 senatui
693 1952 755 1981 ex
788 1935 1020 1981 Norbano
1051 1935 1270 1980 didicisse
1294 1950 1381 1979 nos
1404 1934 1646 1995 publicam

172 2035 363 2066 causam
407 2031 669 2076 rursusque
716 2015 888 2060 debere
924 2030 985 2060 ex
1022 2015 1208 2074 integro
1250 2013 1444 2071 discere,
1485 2014 1525 2058 si
1565 2013 1648 2059 ille

171 2099 527 2162 praeuaricator
550 2096 848 2157 probaretur,
875 2099 1021 2155 atque
1046 2095 1129 2150 ita,
1157 2093 1272 2138 dum
1296 2093 1378 2139 ille
1401 2093 1649 2154 peragitur

172 2196 295 2237 reus,
322 2177 560 2223 sedimus:
595 2179 760 2235 postea
794 2173 1056 2218 Norbanus
1088 2173 1310 2218 omnibus
1346 2172 1513 2217 diebus
1548 2187 1650 2233 cog-

173 2257 374 2305 nitionis
405 2255 631 2301 interfuit
665 2253 960 2314 eandemque
992 2267 1143 2312 usque
1174 2252 1235 2296 ad
1268 2257 1540 2297 extremum
1569 2251 1650 2297 uel
1673 2257 1733 2302 25

118 2355 157 2394 36
176 2336 498 2384 constantiam
522 2334 601 2379 uel
625 2333 875 2378 audaciam
897 2331 1111 2392 pertulit.
1184 2331 1427 2393 interrogo
1450 2331 1551 2392 ipse
1572 2346 1651 2376 me

176 2434 239 2464 an
284 2415 467 2477 aliquid
514 2413 756 2459 omiserim
792 2427 972 2469 rursus,
1017 2416 1066 2456 et
1102 2426 1270 2456 rursus
1306 2426 1458 2472 paene
1493 2409 1647 2456 omisi.

257 2538 281 2575 2
310 2532 588 2583 confraglauit
609 2536 653 2572 Μ
815 2534 839 2573 7
867 2531 978 2570 diem
998 2531 1062 2570 edi
1081 2530 1260 2569 crimina
1287 2534 1321 2569 D
1374 2529 1486 2569 idem
1515 2530 1558 2568 et
1584 2528 1651 2568 edi

178 2604 356 2645 crimina
381 2606 460 2642 MV
513 2601 623 2640 diem
652 2599 707 2639 ad
734 2597 931 2638 diluenda
957 2597 1135 2638 crimina.
1161 2601 1272 2645 Fpra
1457 2598 1482 2637 7
1508 2597 1650 2646 postu·

178 2672 293 2712 labat
312 2674 423 2710 MVD
476 2666 710 2719 postulauit
730 2665 868 2710 Ppr*a
1027 2665 1078 2703 23
1107 2663 1241 2713 adque
1260 2668 1338 2704 MV
