1823 3000
714 263 811 307 VII
872 265 1016 307 8—14
1554 263 1608 302 13

126 368 288 429 plures
324 367 478 413 isdem
512 366 567 411 in
611 365 727 410 locis
772 364 918 409 uillas
953 360 1231 424 possidebat
1276 358 1608 419 adamatisque
1631 378 1650 408 g

127 448 270 494 nouis
300 449 485 509 priores
518 445 814 507 neglegebat.
887 444 1099 489 multum
1138 441 1321 502 ubique
1356 440 1605 496 librorum,

127 527 339 572 multum
361 530 648 582 statuarum,
675 523 887 568 multum
909 521 1193 582 imaginum,
1215 534 1335 579 quas
1352 534 1452 562 non
1469 517 1612 562 habe-

127 608 214 653 bat
257 606 400 652 modo
445 620 619 650 uerum
665 604 814 649 etiam
858 603 1202 656 uenerabatur,
1257 597 1451 658 Vergili
1496 603 1611 642 ante

77 697 105 743 5
129 703 305 745 omnes,
333 687 469 732 cuius
491 684 706 730 natalem
738 683 1011 744 religiosius
1046 698 1192 744 quam
1227 695 1370 728 suum
1404 678 1611 724 celebra-

128 769 228 826 bat,
253 765 462 827 Neapoli
491 764 718 821 maxime,
744 763 830 809 ubi
859 763 1215 809 monimentum
1249 763 1353 809 eius
1386 760 1521 806 adire
1554 766 1612 805 ut

129 845 368 906 templum
392 844 590 889 solebat.
662 843 716 888 in
740 842 829 887 hac
860 843 1222 903 tranquillitate
1255 858 1441 888 annum
1475 840 1611 901 quin-
1634 866 1654 896 9

129 934 236 972 tum
260 931 311 972 et
349 924 795 986 septuagensimum
830 924 1052 980 excessit,
1090 924 1295 970 delicato
1330 923 1482 984 magis
1517 937 1614 967 cor-

130 1020 245 1066 pore
269 1020 416 1066 quam
439 1004 634 1049 infirmo
645 1020 658 1062 3
685 1010 839 1065 utque
863 1004 1157 1049 nouissimus
1181 1021 1210 1049 a
1233 1004 1431 1049 Nerone
1455 1002 1614 1048 factus

49 1093 110 1139 10
132 1090 206 1131 est
232 1083 413 1140 consul,
439 1083 511 1129 ita
545 1088 818 1144 postremus
855 1099 917 1128 ex
951 1084 1177 1129 omnibus
1206 1099 1325 1144 quos
1350 1083 1400 1128 N
1404 1099 1485 1129 ero
1509 1098 1616 1128 con-

132 1165 260 1212 sules
299 1164 482 1211 fecerat
518 1164 732 1210 decessit.
804 1163 928 1210 illud
965 1164 1114 1209 etiam
1145 1163 1374 1221 notabile,
1410 1161 1615 1208 ultimus
1640 1189 1680 1209 to

133 1260 196 1290 ex
241 1242 536 1290 Neronianis
577 1243 910 1288 consularibus
948 1243 1070 1288 obiit
1108 1259 1203 1304 quo
1245 1242 1440 1288 consule
1481 1241 1616 1287 Nero

133 1308 292 1386 periit.
374 1322 504 1383 quod
549 1338 626 1367 me
661 1322 993 1367 recordantem
1039 1322 1323 1383 fragilitatis
1375 1321 1617 1367 humanae

133 1402 380 1449 miseratio
426 1401 571 1447 subit.
651 1401 768 1462 quid
809 1401 936 1447 enim
975 1408 1079 1446 tam
1120 1401 1468 1459 circumcisum,
1516 1406 1616 1445 tam
1645 1423 1680 1444 11

52 1492 110 1537 15
135 1486 282 1531 breue
306 1500 450 1546 quam
466 1483 677 1529 hominis
701 1484 807 1528 uita
831 1483 1144 1544 longissima?
1212 1499 1277 1528 an
1300 1498 1399 1527 non
1423 1481 1619 1526 uidetur

135 1566 230 1612 tibi
253 1565 388 1611 Nero
410 1564 553 1610 modo
588 1565 731 1610 modo
765 1564 916 1610 fuisse
934 1565 950 1609 2
996 1579 1106 1609 cum
1140 1563 1339 1608 interim
1365 1579 1426 1608 ex
1451 1563 1510 1608 iis
1535 1562 1621 1624 qui

137 1645 227 1691 sub
276 1644 363 1690 illo
407 1649 657 1705 gesserant
703 1644 1007 1689 consulatum
1052 1659 1194 1706 nemo
1240 1644 1340 1688 iam
1386 1649 1617 1705 superest.

137 1740 433 1786 quamquam
469 1724 588 1785 quid
633 1723 722 1768 hoc
768 1724 952 1770 miror}
1012 1740 1168 1784 nuper
1209 1724 1263 1770 L.
1305 1723 1434 1781 Piso,
1482 1729 1622 1784 pater
1646 1752 1683 1771 12

138 1804 332 1850 Pisonis
354 1803 486 1849 illius
510 1804 596 1865 qui
613 1820 642 1848 a
658 1803 859 1849 Valerio
884 1803 1030 1849 Festo
1054 1820 1140 1865 per
1163 1819 1408 1848 summum
1431 1803 1621 1849 facinus

56 1890 117 1936 20
140 1885 190 1930 in
214 1884 386 1930 Africa
404 1884 585 1929 occisus
609 1889 695 1941 est,
724 1883 881 1929 dicere
906 1884 1091 1930 solebat
1114 1884 1357 1929 neminem
1383 1899 1432 1930 se
1454 1883 1622 1930 uidere

140 1962 194 2008 in
217 1967 389 2008 senatu
413 1978 558 2023 quem
576 1962 743 2008 consul
766 1963 868 2024 ipse
892 1963 1186 2008 sententiam
1203 1964 1481 2024 rogauisset.
1520 1968 1621 2008 tam
1648 1989 1684 2017 13

141 2041 360 2102 angustis
397 2041 622 2087 terminis
659 2046 828 2087 tantae
865 2041 1200 2087 multitudinis
1248 2043 1484 2088 uiuacitas
1518 2043 1624 2104 ipsa

143 2121 462 2180 concluditur,
489 2127 545 2167 ut
578 2121 701 2166 mihi
734 2138 833 2167 non
867 2122 1013 2167 uenia
1048 2122 1205 2168 solum
1240 2122 1415 2183 dignae
1451 2139 1624 2168 uerum

144 2203 292 2249 etiam
314 2203 458 2249 laude
487 2204 750 2249 uideantur
772 2203 886 2250 illae
920 2204 1080 2266 regiae
1104 2204 1344 2250 lacrimae.
1416 2220 1532 2249 nam
1555 2204 1620 2249 fe-

60 2288 121 2333 25
144 2287 263 2328 runt
285 2282 501 2342 Xerxen,
529 2300 640 2329 cum
662 2283 936 2329 inmensum
961 2285 1230 2330 exercitum
1255 2284 1406 2330 oculis
1431 2283 1622 2341 obisset,

144 2362 485 2420 inlacrimasse,
511 2362 640 2424 quod
674 2368 751 2408 tot
785 2364 984 2410 milibus
1018 2369 1122 2409 tam
1156 2364 1320 2410 breuis
1347 2363 1626 2409 immineret

146 2457 351 2489 occasus,
421 2441 506 2488 sed
538 2447 678 2488 tanto
711 2443 866 2504 magis
900 2443 990 2490 hoc
1025 2444 1262 2506 quidquid
1292 2448 1366 2489 est
1395 2443 1626 2505 temporis
1651 2465 1690 2495 14

229 2600 280 2638 14
306 2601 398 2638 tam
414 2598 542 2638 breue
560 2612 635 2639 om.
655 2603 691 2640 V
743 2601 834 2640 tam
852 2599 1089 2640 breue—an
1107 2612 1195 2638 non
1213 2612 1285 2640 om.
1310 2603 1354 2639 Μ
1424 2599 1474 2638 16
1503 2598 1628 2639 modo

147 2666 274 2708 modo
301 2669 413 2707 nvn
466 2666 592 2706 modo
626 2670 738 2715 rpra
764 2679 816 2706 ex
843 2666 896 2706 iis
923 2671 1052 2715 rps‘a
1104 2678 1150 2705 es
1176 2666 1244 2705 his
1265 2670 1378 2707 mm
1432 2678 1483 2706 ex
1501 2666 1587 2705 inis
1604 2678 1629 2706 1·

311 2737 363 2777 27
390 2737 511 2774 tanto
529 2735 666 2785 magis
685 2739 809 2784 PDpa
863 2747 912 2775 eo
931 2735 1068 2786 magis
1089 2739 1230 2775 uvi-5*
